3078 4380
547 298 660 349 umna
682 298 734 350 111.
785 297 964 350 rmnurus.
1240 287 1260 353 7

256 486 389 546 cumque
417 469 546 546 bellum,
574 469 648 530 inde
682 469 907 546 Pannonicum,
935 470 1010 530 inde
1039 470 1261 532 Germanicum

257 574 362 649 gessit.
418 575 551 635 Raetico
577 581 674 653 atque
697 574 863 635 Vindelico
888 575 990 651 gentis
1013 575 1157 653 Alpinas,
1182 579 1262 637 Pan-

256 679 369 739 nonico
390 680 527 740 Breucos
546 686 579 741 et
592 680 756 740 Dalmatas
779 680 910 756 subegit,
926 681 1110 742 Germanico
1131 683 1262 760 quadra

258 785 346 861 ginta
369 784 459 845 milia
481 785 701 846 dediticiorum
729 786 855 846 traiecit
882 786 917 845 in
945 785 1261 865 Galliam-iuxtaque

257 890 359 968 ripam
373 890 480 951 Rheni
496 890 807 968 sedibus-assignatis
821 890 996 951 collocavit.
1046 891 1130 962 Quas
1151 893 1192 953 ob
1211 912 1260 954 res
1276 907 1292 953 c

258 1001 290 1056 et
310 1014 407 1055 ovans
424 1001 457 1055 et
473 1013 566 1055 curru
582 995 691 1056 urbem
711 996 870 1072 ingressus
891 1002 949 1071 est,
964 996 1061 1074 prius,
1076 1002 1112 1055 ut
1133 997 1261 1074 quidam
1354 1047 1356 1053 .

258 1105 380 1177 putant,
402 1100 649 1178 triumphalibus
677 1101 869 1162 ornamentis
897 1101 1077 1177 honoratus,
1100 1121 1180 1162 novo
1205 1121 1261 1163 nec

258 1212 352 1266 antea
372 1206 519 1283 cuiquam
540 1206 662 1267 tributo
676 1224 787 1282 genere
801 1207 938 1266 honoris.

298 1311 506 1387 Magistratus
521 1317 553 1371 et
566 1311 721 1372 maturius
731 1311 892 1371 incohavit
901 1317 933 1371 et
942 1331 1040 1389 paene
1050 1312 1182 1373 iunctim
1197 1331 1263 1390 per-

258 1416 405 1492 cucurrit,
413 1422 622 1493 quaesturam,
630 1416 1035 1495 praeturam,consulatum;
1279 1427 1308 1474 10

259 1521 507 1599 interpositoque
521 1527 662 1598 tempore
683 1521 793 1581 consul
812 1521 926 1581 iterum
941 1522 1037 1582 etiam
1073 1499 1175 1620 ἓξὲξ
1191 1501 1218 1546 t⁰

259 1625 461 1687 tribuniciam
472 1631 662 1705 potestatem
677 1626 711 1685 in
725 1625 977 1705 quinquennium
992 1645 1039 1686 ac-

208 1738 246 1788 10
260 1731 351 1809 cepit.
396 1732 456 1791 Tot
469 1732 627 1810 prosperis
638 1731 879 1807 confluentibus,
891 1732 1015 1807 integra
1023 1737 1125 1792 aetate
1136 1749 1172 1790 ao
1183 1729 1263 1791 vale
1305 1710 1308 1716 ¹

259 1837 369 1897 tudine
385 1837 498 1897 statuit
517 1843 645 1914 repente
662 1837 807 1897 secedere
824 1855 919 1914 seque
937 1855 953 1896 e
973 1837 1076 1896 medio
1090 1855 1185 1913 quam
1199 1835 1264 1895 lon-

259 1941 388 2018 gissime
410 1960 570 2002 amovere:
593 1940 735 2016 dubium,
750 1941 899 2002 uxorisne
919 1941 1032 2016 taedis,
1048 1959 1141 2018 quam
1162 1959 1263 2017 neque
1279 1959 1308 2004 15

259 2046 421 2106 criminari
435 2052 491 2106 aut
509 2046 671 2107 dimittere
684 2047 814 2107 auderet
827 2065 929 2124 neque
943 2046 1029 2106 ultra
1042 2047 1182 2124 perferre
1196 2064 1264 2122 pos-

259 2157 316 2226 set,
331 2170 372 2210 an
382 2156 418 2211 ut
429 2151 531 2211 vitato
541 2150 739 2212 assiduitatis
750 2151 882 2212 fastidio
892 2152 1110 2212 auctoritatem
1122 2150 1264 2210 absentia

259 2262 400 2316 tueretur
411 2262 506 2333 atque
520 2257 614 2316 etiam
628 2263 764 2333 augeret,
777 2257 804 2318 si
816 2257 941 2335 quando
952 2256 1141 2334 indiguisset
1153 2257 1203 2317 sui
1214 2275 1263 2317 res

259 2360 393 2439 publica.
424 2361 559 2432 Quidam
573 2361 766 2437 existimant,
782 2361 901 2422 adultis
915 2362 979 2422 iam
993 2361 1131 2438 Augusti
1144 2360 1262 2438 liberis,

259 2465 327 2526 loco
341 2472 374 2526 et
388 2467 479 2544 quasi
493 2467 689 2544 possessione
699 2468 844 2545 usurpati
859 2486 878 2527 a
892 2487 925 2528 se
939 2467 995 2527 diu
1007 2467 1135 2527 secundi
1149 2467 1263 2543 gradus
1279 2481 1310 2527 ac

260 2553 371 2650 sponte
386 2573 526 2646 cessisse,
538 2572 682 2649 exemplo
696 2573 739 2632 M.
752 2573 914 2651 Agrippae
929 2572 992 2650 qui,
1004 2573 1048 2631 M.
1061 2571 1212 2632 Marcello
1223 2573 1264 2632 ad

259 2695 390 2738 munera
414 2676 542 2754 publica
566 2678 702 2751 admoto,
727 2655 901 2756 Mytilenas
927 2677 1048 2752 abierit,
1071 2695 1111 2736 ne
1136 2682 1191 2737 aut
1215 2677 1264 2736 ob

260 2790 342 2843 stare
363 2788 420 2842 aut
441 2782 615 2843 obtrectare
636 2801 784 2860 praesens
806 2783 974 2843 videretur.
1015 2782 1115 2852 ¹(luam
1138 2801 1264 2842 causam

258 2894 291 2948 et
319 2888 396 2967 ipse,
426 2887 482 2948 sed
510 2893 629 2966 postea,
659 2887 807 2948 reddidit.
861 2890 949 2948 Tunc
977 2893 1083 2948 autem
1112 2886 1263 2946 honorum

260 2994 438 3054 satietatem
459 3012 494 3054 ac
512 2993 653 3070 requiem
667 2992 809 3053 laborum
824 2993 1041 3071 praetendens,
1056 2997 1264 3052 commeatum
1280 3009 1310 3055 25

259 3099 357 3176 petit;
379 3116 481 3176 neque
502 3103 558 3158 aut
579 3098 674 3159 matri
696 3098 882 3176 suppliciter
902 3098 1052 3176 precanti,
1076 3103 1130 3158 eut
1150 3097 1264 3159 vitrico

259 3203 361 3264 deseri
390 3223 422 3264 se
451 3203 546 3263 etiam
574 3203 608 3263 in
639 3210 751 3264 senatu
781 3204 984 3282 conquerenti
1011 3203 1135 3264 veniam
1167 3203 1262 3263 dedit.

259 3308 342 3380 Quin
363 3314 395 3368 et
419 3308 612 3387 pertinacius
636 3310 857 3386 retinentibus,
880 3311 949 3371 cibo
973 3329 1029 3389 per
1054 3307 1264 3387 quadriduum

258 3413 422 3476 abstinuit.
479 3416 577 3475 Facta
610 3417 740 3476 tandem
775 3417 909 3478 abeundi
943 3422 1109 3496 potestate,
1144 3415 1264 3475 relictis

258 3519 379 3580 Romae
408 3539 505 3580 uxore
534 3526 566 3580 et
590 3520 657 3581 filio
681 3521 848 3582 confestim
876 3522 998 3583 Ostiam
1026 3521 1200 3596 descendit,
1225 3539 1265 3580 ne
1281 3538 1309 3584 eu

259 3625 354 3686 verbo
370 3625 496 3703 quidem
513 3626 657 3703 cuiquam
676 3627 934 3704 prosequentium
947 3627 1072 3688 reddito
1088 3644 1264 3704 paucosque

207 3734 245 3788 11
260 3729 430 3790 admodum
445 3730 479 3788 in
493 3729 638 3806 digressu
651 3731 862 3793 exosculatus.
906 3731 958 3793 Ab
973 3732 1063 3794 Ostia
1077 3748 1161 3791 oram
1177 3730 1266 3792 (lam-
