3078 4380
500 311 612 361 mana
635 311 684 360 iu.
738 309 767 360 o.
794 309 991 362 cumcunl.
1203 299 1248 365 49

192 494 229 543 14
243 491 274 546 et
298 485 459 546 alumnum
484 483 731 562 appellantium;
762 483 965 560 ingressoque
992 483 1111 559 urbem,
1137 485 1246 544 statim

242 609 396 651 consensu
416 594 542 650 senatus
563 595 595 649 et
615 589 818 666 irrumpentis
834 589 868 647 in
882 589 1000 648 curiam
1014 590 1134 666 turbae,
1148 590 1247 652 inrita

242 695 360 756 Tiberii
377 695 548 770 voluntate,
564 695 619 771 qui
635 699 825 754 testamento
839 694 975 753 alterum
992 697 1140 771 nepotem
1155 711 1247 752 suum

241 805 473 880 praetextatum
498 799 600 859 adhuc
625 799 809 859 coheredem
835 798 864 858 ei
889 798 1027 873 dederat,
1049 799 1098 859 ius
1124 800 1246 860 arbitri-

241 921 354 985 umque
376 905 516 965 omniurn
538 924 638 964 rerum
663 904 713 963 illi
734 903 922 982 permissum
943 910 1000 979 est,
1015 909 1105 974 tanta
1118 905 1276 983 publicat

240 1013 363 1074 laetitia
384 1017 420 1071 ut
440 1011 541 1070 tribus
563 1009 716 1088 proximis
736 1010 897 1070 mensibus
917 1029 953 1069 ac
971 1029 1011 1069 ne
1025 1010 1102 1070 totis
1118 1011 1244 1087 quidem

241 1137 335 1197 supra
344 1122 471 1182 centum
483 1115 647 1191 sexaginta
657 1115 746 1174 milia
756 1115 957 1175 victimarum
967 1134 1059 1175 caesa
1068 1116 1242 1176 tradantur.

281 1224 358 1284 Cum
379 1222 492 1282 deiude
513 1239 629 1299 paucos
650 1227 723 1299 post
741 1221 809 1280 dies
829 1221 863 1280 in
880 1221 1039 1299 proximas
1055 1222 1244 1299 Campaniae

239 1328 359 1388 insulas
373 1327 559 1401 traiecisset,
572 1332 646 1387 vcta
660 1346 717 1404 pro
731 1326 836 1386 reditu
850 1332 997 1404 suscepta
1011 1333 1093 1402 sunt,
1105 1345 1144 1386 ne
1155 1327 1245 1385 mini-

240 1453 322 1494 mam
346 1433 473 1509 quidem
497 1433 689 1492 occasionem
712 1451 870 1510 quoquam
893 1432 1058 1492 omittente
1082 1433 1115 1491 in
1136 1432 1245 1492 testifi-
1262 1438 1290 1483 10

239 1539 339 1600 canda
368 1537 581 1597 sollicitudine
610 1543 642 1596 et
669 1556 745 1596 cura
771 1537 810 1595 da
838 1537 1054 1596 incolumitate
1079 1537 1154 1597 eius
1196 1540 1244 1598 Ut

239 1664 313 1704 vero
341 1644 375 1702 in
403 1643 568 1702 adversam
593 1643 807 1702 valetudinem
835 1641 958 1717 incidit,
988 1643 1243 1720 pernoctantibus

198 1783 200 1788 ,
239 1749 361 1808 cunctis
381 1749 464 1808 circa
482 1749 652 1822 Palatium,
668 1768 730 1808 non
750 1749 919 1808 defuerunt
938 1747 993 1827 qui
1012 1735 1244 1826 depugnaturos

240 1873 273 1914 se
292 1853 389 1914 armis
407 1872 464 1931 pro
482 1853 583 1914 salute
604 1853 690 1930 aegri
705 1853 822 1931 quique
836 1853 942 1931 capita
956 1847 1013 1913 sua
1027 1853 1122 1912 titulo
1136 1872 1244 1931 propo

240 1960 301 2019 sito
323 1963 482 2018 voverent.
526 1958 669 2018 Accessit
695 1959 735 2017 ad
757 1958 944 2018 immensum
968 1958 1084 2018 civium
1108 1977 1244 2018 amorem
1261 1968 1290 2012 15

239 2063 388 2124 notabilis
411 2063 506 2124 etiam
529 2069 728 2122 externorum
749 2063 848 2122 favor.
897 2064 1043 2139 Namque
1063 2064 1243 2125 Artabanus

239 2170 429 2229 Parthorum
458 2189 521 2244 rex,
551 2168 657 2228 odium
687 2187 809 2246 semper
836 2174 1114 2246 contemptumque
1138 2169 1244 2229 Tiberi

158 2331 162 2338 .
239 2293 313 2351 prae
336 2293 368 2334 se
389 2273 691 2349 ferensgamicitiam
714 2273 808 2334 huius
828 2273 1027 2350 ultro'petiit
1042 2275 1190 2351 venitque
1203 2275 1244 2334 ad

217 2381 222 2390 '
239 2379 429 2456 colloquium
452 2378 548 2454 legati
571 2377 755 2454 consularis,
771 2383 803 2438 et
823 2384 1039 2454 transgressus
1059 2380 1243 2456 Euphraten

239 2485 361 2562 aquilas
376 2491 408 2544 et
423 2485 513 2559 signa
527 2485 670 2543 Romana
681 2483 911 2561 Caesarumque
925 2484 1079 2559 imagines
1090 2485 1242 2544 adoravit.
1260 2497 1290 2542 aa

188 2595 224 2645 15
279 2583 473 2649 Incendebat
491 2595 523 2648 et
536 2589 611 2666 ipse
626 2589 732 2650 studia
746 2589 908 2648 hominum
923 2589 1008 2647 omni
1023 2608 1135 2665 genere
1149 2609 1244 2667 popu-

238 2695 384 2754 laritatis,
426 2693 551 2753 Tiberio
562 2713 633 2753 curn
647 2694 794 2771 plurimis
809 2693 947 2753 lacrimis
962 2712 1019 2770 pro

238 2800 382 2859 contione
413 2800 542 2859 laudato
574 2799 782 2876 funeratoque
814 2798 1028 2876 amplissime,-

239 2905 407 2965 confestim
421 2905 644 2964 Pandatariam
658 2910 690 2964 et
709 2904 839 2963 Pontias
860 2905 900 2966 ad
918 2909 1018 2964 trans-

1045 2775 1134 2824 court·
1151 2789 1227 2837 popu-

1043 2851 1122 2911 larity

238 3009 385 3070 ferendos
405 3008 515 3068 matris
537 3009 708 3087 fratrisque
726 3011 846 3070 cineres
865 3009 1040 3083 festinavit,
1055 3015 1243 3087 tempestate
1259 3026 1288 3071 25

237 3114 372 3189 turbida,
385 3134 447 3192 quo
458 3115 557 3191 magis
568 3117 670 3193 pietas
682 3115 842 3190 emineret,
855 3115 995 3193 adiitque
1004 3115 1242 3175 venerabundus

238 3237 274 3280 ac
287 3240 343 3298 per
355 3226 453 3281 semet
464 3219 498 3280 in
510 3241 604 3282 urnas
614 3221 772 3297 condidit3
789 3240 845 3280 nec
856 3221 978 3280 minore
991 3238 1102 3280 scaeua
1111 3219 1241 3297 Ostiam,

238 3325 377 3402 praefixo
391 3326 425 3385 in
439 3327 569 3387 biremis
584 3347 689 3406 puppe
703 3326 830 3402 vexillo,
846 3327 966 3386 atinde
983 3327 1116 3386 Romam
1135 3325 1242 3386 Tiberi

239 3431 412 3508 subvectos,
421 3451 477 3508 per
489 3433 779 3510 splendidissimum
791 3450 946 3509 quemque
958 3431 1113 3507 equestris
1123 3432 1242 3492 ordinis

238 3536 342 3596 medio
356 3555 391 3596 ac
405 3537 566 3613 frequenti
581 3537 632 3597 die
647 3537 768 3597 duobus
788 3537 918 3596 ferculis
940 3536 1103 3596 Mausoleo
1121 3536 1241 3611 intulit,
1259 3555 1287 3601 su

238 3640 429 3718 inferiasque
454 3642 494 3702 iis
513 3661 618 3702 annua
645 3642 796 3717 religione
825 3640 951 3719 publice
977 3641 1127 3716 instituit,
1150 3647 1182 3700 et
1206 3660 1243 3701 eo

238 3745 374 3823 amplius
399 3746 493 3806 matri
517 3747 680 3808 Circenses
704 3752 951 3824 carpentumque
978 3765 1041 3824 quo
1067 3746 1101 3804 in
1128 3765 1243 3824 pompa
