3078 4380
519 304 631 355 trans
655 305 702 356 ru.
755 304 783 355 c.
811 304 1007 357 cumcurn.
1221 293 1264 358 45

257 482 444 556 temporum,
459 477 581 536 cunctis
594 495 652 536 nec
666 482 782 536 temere
794 476 995 554 opinantibus
1007 477 1183 538 reverentia
1196 477 1264 539 eius

257 601 293 642 ac
307 588 394 643 metu
413 600 588 660 repressam
605 581 713 641 Tiberi
732 570 906 658 saevitiam,
921 601 1001 661 quae
1021 602 1095 643 mox
1116 583 1262 661 eruperit.

226 695 243 746 '1
258 687 381 748 Habuit
396 687 430 746 in
443 685 645 747 matrimonio
658 685 878 765 Agrippinam,
888 689 931 746 M.
942 687 1102 766 Agrippae
1117 693 1148 748 et
1163 687 1264 749 Iuliae

258 793 366 869 filiam,
381 798 413 853 et
428 805 467 851 ex
481 810 519 852 ea
532 810 646 851 novem
659 791 774 852 liberos
789 792 881 852 tulit:
904 812 1037 871 quorum

258 900 319 960 duo
336 899 476 959 infantes
496 897 598 958 adhuc
620 897 713 976 rapti,
727 917 809 959 unus
831 897 894 958 iam
915 917 1038 976 pucras

258 1023 331 1065 cens
346 1003 464 1081 insigni
479 1002 666 1078 festivitate,
678 1002 766 1063 cuius
778 1002 910 1080 effigiem
925 1003 1038 1064 habitu

258 1109 425 1188 Cupidinis
444 1109 477 1167 in
497 1108 573 1168 aede
599 1107 796 1186 Capitolinae
813 1109 953 1170 ‘Veneris
976 1108 1069 1169 Livia
1096 1108 1263 1186 dedicavit,

258 1216 421 1292 Augustus
443 1214 476 1273 in
497 1213 641 1274 cubiculo
655 1232 712 1274 suo
726 1213 870 1292 positam,
882 1213 1090 1291 quotiensque
1110 1213 1264 1289 introiret,

151 1357 154 1362 -
257 1319 516 1395 exosculabatur3
538 1319 635 1379 ceteri
650 1319 835 1396 superstites
851 1319 933 1396 patri
947 1320 1086 1394 fuerunt,
1095 1325 1159 1379 tres
1172 1337 1264 1380 sexus
1293 1307 1296 1316 ’
1349 1342 1354 1352 ·

257 1425 414 1500 feminini,
432 1423 619 1502 Agrippina,
640 1424 791 1500 Drusilla,
812 1424 938 1500 Livilla,
958 1424 1106 1484 continuo
1128 1424 1265 1485 triennio
1282 1437 1310 1483 10

257 1537 365 1607 natae,
382 1529 515 1590 totidem
526 1548 638 1605 mares,
647 1530 733 1589 Nero
744 1535 776 1589 et
786 1531 909 1590 Drusus
920 1536 953 1589 et
963 1531 996 1590 C.
1008 1529 1131 1591 Caesar.
1169 1531 1201 1589 N
1202 1549 1266 1590 ero·

256 1655 328 1696 nem
348 1641 380 1696 et
399 1637 538 1694 Drusum
557 1641 685 1694 senatus
705 1634 832 1694 Tiberio
849 1617 1037 1694 criminante
1059 1634 1166 1696 hostes
1187 1635 1265 1696 iudi·

257 1741 350 1802 cavit.

225 1862 243 1912 8
298 1846 331 1907 O.
343 1846 458 1906 Caesar
468 1850 561 1906 natus
573 1849 622 1905 est
632 1844 734 1922 pridie
749 1845 822 1904 Kal.
835 1845 922 1924 Sept.
934 1851 1023 1924 patre
1034 1865 1091 1906 suo
1102 1851 1133 1906 et
1144 1847 1178 1907 Ο.
1187 1847 1266 1906 Fon-

257 1952 321 2013 teio
343 1951 496 2029 Capitone
518 1969 596 2011 coss.
639 1950 705 2011 Ubi
727 1955 821 2011 natus
845 1950 897 2026 sit,
920 1951 1074 2010 incertum
1096 1950 1264 2012 diversitas
1281 1968 1309 2013 15

257 2056 450 2117 tradentium
470 2055 558 2116 facit.
601 2056 655 2116 Cn.
677 2056 833 2117 Lentulus
855 2055 1038 2117 Gaetulicus
1064 2097 1252 2146 „mmm

257 2162 367 2222 Tiburi
386 2161 529 2238 genitum
548 2160 668 2236 scribit,
684 2161 808 2221 Plinius
829 2161 990 2221 Secundus
1004 2160 1037 2220 in
1063 2173 1240 2232 tobntnprace

257 2268 413 2341 Treveris,
423 2266 492 2326 vico
501 2265 702 2328 Ambitarvio
713 2284 809 2342 supra
819 2265 1037 2342 Confluentes3
1064 2246 1179 2294 ΜΨ*

257 2372 346 2432 addit
365 2372 460 2432 etiam
482 2390 539 2450 pro
560 2376 754 2447 argumente,
775 2389 845 2430 aras
867 2370 912 2430 ibi
933 2371 1057 2432 ostendi
1078 2371 1262 2449 inscriptas:

257 2481 292 2537 ob
320 2478 512 2555 Aqmipicae
540 2479 745 2552 puerperium.
799 2475 955 2536 Versiculi
988 2476 1163 2554 imperante
1191 2495 1264 2536 mox
1280 2499 1310 2544 20

258 2601 294 2642 eo
320 2581 476 2658 diuulgati
504 2582 589 2659 apud
616 2581 764 2642 hibernas
792 2579 931 2658 legiones
961 2587 1159 2661 procreatum
1186 2581 1266 2642 indi·

257 2692 346 2748 uant:
898 2719 901 2726 Δ

1063 871 1180 920 fflswife

1063 948 1113 994 end
1122 947 1232 995 children
1279 907 1295 954 ὅ

412 2811 453 2876 Ia
466 2817 574 2875 castas
587 2823 686 2891 natus,
697 2819 812 2892 patriis
826 2819 1000 2876 nutrituris
1010 2818 1117 2892 armis,

465 2923 536 2981 Iam
549 2922 699 2998 designati
708 2924 859 2998 primipis
872 2935 958 2981 omen
972 2929 1044 2981 erut.

257 3110 325 3186 Ego
343 3107 379 3168 in
400 3106 481 3168 actis
502 3107 581 3167 Anti
603 3108 724 3168 editum
742 3107 877 3168 invenio.
920 3106 1123 3170 Gaetulicum
1144 3109 1265 3171 refellit
1280 3124 1310 3170 ac

258 3213 382 3275 Plinius
404 3212 496 3291 quasi
518 3213 687 3273 mentitum
710 3233 766 3293 per
788 3213 1011 3290 adulationem,
1035 3220 1070 3274 ut
1093 3216 1133 3275 ad
1156 3214 1265 3275 laudes

258 3319 381 3381 iuvenis
396 3318 586 3397 gloriosique
601 3318 754 3398 principis
773 3319 895 3396 aliquid
913 3319 1009 3380 etiam
1030 3340 1069 3381 ex
1089 3322 1166 3382 urbe
1187 3322 1266 3380 Her-

258 3424 321 3484 culi
336 3443 424 3486 sacra
439 3430 585 3499 sumeret,
601 3425 797 3502 abusumque
812 3425 979 3486 audentius
995 3426 1165 3501 mendacio,
1181 3428 1265 3504 quod

259 3537 331 3590 ante
352 3551 469 3592 annum
493 3531 561 3590 fere
583 3535 676 3590 natus
699 3530 887 3591 Germanico
909 3530 995 3591 filius
1018 3531 1129 3592 Tiburi
1151 3533 1264 3608 fuerat,

259 3636 435 3714 appellatus
457 3635 577 3713 etipse
599 3634 632 3695 C.
654 3636 785 3706 Caesen
807 3637 847 3695 de
865 3635 954 3696 cuius
978 3637 1106 3697 amabili
1129 3636 1266 3714 pueritia
1281 3653 1310 3698 3ο

260 3741 300 3798 im
306 3747 488 3818 maturoque
504 3739 593 3801 obitu
608 3760 704 3819 supra
717 3739 864 3802 diximus.
908 3741 1049 3800 Plinium
1066 3742 1170 3818 arguit
1185 3742 1265 3802 ratio
