3078 4380
280 279 301 338 4
358 287 387 338 C.
414 287 570 340 SUETONI
592 289 821 354 TRANQUILLI
842 291 892 342 DE
916 291 1008 342 VITA
1030 292 1233 346 CAESARUM

280 459 439 536 uentibus,
453 460 550 522 etiam
567 462 606 522 de
623 461 772 540 praemiis
793 462 1066 542 tyrannicidarum
1086 465 1287 527 referendum

279 566 411 627 censuit.
451 565 606 628 Praetura
624 566 738 627 deinde
760 569 899 645 functus,
919 587 991 629 cum
1015 569 1103 631 exitu
1127 569 1203 631 anni
1227 570 1287 633 dis·

279 672 387 733 cordia
403 671 486 733 inter
502 671 686 732 triumviros
707 678 776 733 orta
796 678 889 749 esset,
910 675 1043 736 retentis
1062 674 1147 736 ultra
1167 676 1287 737 iustum

279 783 404 856 tempus
434 777 612 854 insignibus
646 778 681 838 L.
709 777 886 838 Antonium
920 779 1089 856 consulem,
1125 780 1287 842 triumviri

248 884 420 960 efratrem,
438 885 478 945 ad
495 883 659 944 Perusiam
680 888 815 959 secutus,
837 883 997 945 deditione
1018 885 1169 946 coeteris
1190 886 1285 963 facta,

280 988 364 1051 solus
392 989 565 1068 permansit
593 989 627 1048 in
654 988 797 1067 partibus
822 1007 859 1049 ac
880 988 983 1067 primo
1009 990 1188 1067 Praeneste,
1212 991 1286 1052 inde

278 1095 447 1174 Neopolim
469 1093 580 1170 evasit,
596 1094 758 1172 servisque
774 1093 815 1155 ad
830 1093 959 1172 pilleum
978 1095 1100 1156 frustra
1115 1095 1236 1158 vocatis
1252 1097 1286 1156 in

280 1201 421 1262 Siciliam
442 1198 592 1278 profugit.
636 1199 699 1259 Sed
720 1198 849 1275 indigne
870 1199 986 1275 ferens,
1001 1218 1059 1261 nec
1079 1201 1189 1262 statim
1203 1220 1237 1262 se
1251 1201 1286 1262 in

279 1312 480 1384 conspectum
495 1305 583 1366 Sexti
597 1305 729 1384 Pompei
743 1304 916 1366 admissum
933 1310 965 1365 et
982 1304 1117 1367 fascium
1137 1327 1198 1368 usu
1218 1327 1286 1386 pro

234 1391 263 1470 1ο
278 1410 425 1486 hibitum,
440 1411 481 1471 ad
495 1412 539 1470 M.
552 1409 729 1494 Antonium
738 1409 864 1472 traiecit
878 1410 913 1470 in
920 1410 1083 1472 Achaiam.
1119 1413 1198 1474 (lum
1212 1432 1284 1491 quo,

278 1516 366 1577 brevi
388 1515 591 1577 reconciliata
612 1514 695 1576 inter
713 1515 815 1577 omnis
838 1534 923 1594 pace,
945 1517 1079 1577 Romam
1099 1518 1191 1594 redit,
1211 1538 1286 1579 uxo

277 1640 405 1700 remque
420 1621 546 1682 Liviam
560 1619 743 1697 Drusillam,
759 1626 791 1680 et
806 1625 882 1681 tnnc
903 1621 1064 1698 gravidam
1081 1627 1114 1682 et
1130 1629 1204 1684 ante
1221 1623 1286 1684 iam

278 1727 363 1805 apud
380 1745 413 1788 se
430 1725 533 1786 filium
554 1725 688 1802 enixam,
703 1726 825 1804 petenti
846 1725 991 1802 Augusto
1012 1728 1175 1789 concessit.
1217 1729 1285 1791 Nec

277 1832 379 1892 multo
405 1837 478 1910 post
506 1830 589 1891 diem
617 1830 705 1907 obiit,
733 1836 866 1909 utroque
900 1831 1068 1894 liberorum
1104 1834 1284 1912 superstite,

233 1951 262 1997 m
278 1937 405 1998 Tiberio
424 1939 591 2015 Drusoque
610 1936 799 1998 Neronibus.
1027 2003 1028 2006 Ἴ

319 2042 478 2103 Tiberium
493 2042 620 2120 quidam
636 2023 757 2103 Fundis
773 2048 884 2103 natum
898 2042 1169 2122 existimaverunt,
1185 2047 1284 2106 secuti
1297 2060 1315 2110 5

277 2149 380 2208 levem
407 2147 629 2224 coniecturam,
655 2149 739 2226 quod
766 2154 909 2209 materna
934 2149 1002 2210 eius
1031 2150 1103 2210 avia
1130 2152 1285 2212 Fundana

503 2253 611 2328 fuerit,
632 2258 664 2314 et
685 2254 769 2331 quod
791 2273 863 2314 mox
885 2254 1086 2315 simulacrum
1108 2256 1283 2318 Felicitatis
1394 2309 1396 2312 .

504 2377 543 2418 ex
557 2364 685 2419 senatus
701 2359 844 2420 consulto
857 2358 1052 2438 publicatum
1071 2360 1117 2422 ibi
1134 2361 1184 2422 sit.
1222 2363 1284 2422 Sed

232 2479 262 2526 20
276 2471 314 2526 ut
327 2464 434 2542 plures
455 2464 665 2541 certioresque
686 2465 826 2541 tradunt,
840 2470 934 2526 natus
951 2471 1000 2526 est
1014 2466 1133 2526 Romae
1147 2466 1180 2526 in
1194 2467 1284 2528 Pala·

277 2571 323 2630 tio
337 2571 416 2630 XVI
431 2569 504 2629 Kal.
514 2571 588 2629 Dec.
599 2571 643 2629 M.
659 2569 797 2628 Aemilio
811 2569 932 2648 Lepido
946 2570 1071 2647 iterum,
1087 2572 1122 2630 L.
1138 2571 1283 2632 Munatio

276 2675 395 2736 Planco
408 2693 508 2735 conss.
521 2694 577 2752 per
591 2673 710 2735 bellum
719 2673 935 2752 Philippense.
972 2675 1024 2736 Sic
1035 2675 1120 2736 enim
1134 2675 1169 2735 in
1183 2676 1282 2738 fastos

277 2786 408 2858 actaque
422 2781 456 2840 in
472 2779 599 2858 publica
615 2779 750 2838 relatum
767 2783 823 2839 est.
866 2779 899 2839 N
900 2797 936 2839 ec
955 2784 1063 2839 tamen
1082 2781 1205 2856 desunt,
1228 2780 1283 2860 qui
1368 2817 1369 2824 .

277 2885 392 2964 partim
414 2885 618 2946 antecedente
640 2902 731 2960 anno,
746 2883 836 2944 Hirti
857 2903 893 2945 ac
913 2884 1046 2961 Pansae,
1067 2885 1184 2963 partim
1204 2886 1283 2947 inse·

231 2990 396 3068 aequanti,
415 2989 529 3066 Servili
547 2989 681 3049 Isaurici
699 2989 838 3066 Lucique
857 2989 988 3050 Antonii
1010 2989 1184 3066 consulatu,
1202 2989 1286 3068 geni·

276 3101 345 3155 tum
359 3114 429 3154 eum
442 3092 592 3154 scribant.

317 3198 492 3259 Infantiam
504 3195 734 3275 pueritiamque
744 3194 856 3258 habuit
867 3195 1053 3258 laboriosam
1063 3201 1095 3256 et
1103 3196 1282 3270 exercitam,
1297 3205 1315 3256 6

277 3323 379 3366 comes
399 3319 625 3381 usquequaque
643 3307 808 3379 parentum
824 3301 936 3378 fugae3
958 3319 1036 3379 quos
1054 3301 1179 3379 quidem
1199 3300 1284 3378 apud

503 3404 673 3486 Neapolim
692 3406 751 3470 sub
771 3405 977 3485 irruptionem
998 3405 1100 3466 hostis
1121 3404 1283 3482 navigium

231 3526 261 3574 eo
277 3493 443 3616 {1in
504 3513 586 3574 elam
603 3511 742 3591 petentis
756 3511 865 3588 vagitu
884 3530 940 3571 suo
955 3529 1054 3589 paene
1067 3509 1117 3571 bis
1133 3511 1282 3589 prodidit,

277 3582 291 3618 ο
505 3617 602 3680 semel
620 3636 690 3679 cum
714 3637 734 3678 a
755 3616 889 3678 nutricis
908 3615 1013 3693 ubere,
1035 3615 1151 3676 iterum
1172 3634 1284 3677 cuma

278 3727 351 3790 sinu
371 3723 482 3786 matris
502 3723 620 3804 raptim
640 3723 819 3784 auferretur
832 3721 871 3782 ab
885 3719 936 3798 iis,
950 3719 1006 3800 qui
1022 3739 1080 3800 pro
1094 3720 1283 3784 necessitate
1379 3781 1385 3790 ,

277 2321 323 2370 fiis
333 2322 401 2368 birth
