3078 4380
489 750 528 815 Ο.
552 749 762 816 SUETONI
794 747 1094 828 TRANQUILLI

460 936 543 1019 DE
584 935 738 1017 VITA
780 933 1121 1019 CAESARUM

681 1130 814 1189 urana
842 1128 899 1189 iv.

614 1307 653 1374 Ο.
685 1307 970 1372 CALIGULA.

255 1623 270 1668 s
327 1600 543 1676 Germanicus,
559 1599 593 1660 O.
608 1596 751 1659 Caesaris
765 1603 864 1675 pater,
880 1596 977 1657 Drusi
996 1602 1028 1657 et
1046 1595 1177 1656 minoris
1197 1597 1294 1656 Anto
1309 1608 1324 1656 1
1347 1598 1349 1602 ’

285 1709 357 1768 niae
372 1706 468 1781 filius,
483 1725 503 1766 a
517 1703 644 1765 Tiberio
658 1709 771 1780 patruo
790 1703 969 1779 adoptatus,
985 1707 1186 1778 quaesturam
1206 1701 1294 1779 quin-

513 1808 651 1888 quennio
665 1813 738 1867 ante
753 1825 848 1884 quam
865 1825 920 1884 per
939 1806 1024 1883 leges
1043 1805 1152 1865 liceret
1170 1811 1203 1865 et
1221 1813 1293 1885 post

513 1933 582 1974 eam
593 1913 790 1974 consulatum
805 1912 913 1972 statim
928 1911 1044 1988 gessit3
1060 1910 1238 1988 missusque
1252 1911 1293 1970 ad

514 2019 685 2080 exercitum
710 2018 745 2077 in
770 2017 980 2092 Germaniam,
1003 2034 1133 2076 excessu
1154 2016 1292 2093 Augusti

241 2145 269 2191 10
284 2129 439 2203 nuntiato,
451 2126 589 2203 legiones
605 2123 779 2197 universas,
792 2123 1012 2200 imperatorem
1027 2121 1187 2180 Tiberium
1200 2121 1293 2200 perti-

285 1891 457 1948 Germanicus,

284 1965 487 2016 fatherofGe-ius

284 2234 452 2296 nacissime
471 2229 644 2292 recusantis
665 2234 697 2288 et
718 2227 779 2288 sibi
801 2246 954 2287 summam
977 2226 1022 2286 rei
1044 2225 1189 2304 publicae
1210 2227 1293 2288 dete-

285 2341 393 2417 rentis,
409 2341 562 2399 incertum
577 2336 693 2415 pietate
710 2354 750 2394 an
765 2332 943 2394 constantia
952 2333 1078 2408 maiore,
1090 2333 1291 2411 compescuit,

284 2453 379 2526 atque
403 2446 493 2505 hoste
518 2462 590 2502 mox
616 2441 740 2501 devicto
765 2439 983 2517 triumphavit.
1038 2439 1155 2500 Consul
1179 2439 1292 2499 deinde

283 2554 399 2613 iterum
412 2555 535 2618 oreatus
553 2567 587 2608 ao
607 2548 695 2626 prius
716 2566 810 2625 quam
830 2546 979 2607 honorem
999 2547 1095 2606 iniret
1114 2547 1154 2607 ad
1172 2566 1293 2625 compo

239 2675 268 2720 15
283 2659 422 2719 nendum
441 2655 579 2716 Orientis
600 2659 718 2714 statum
739 2654 898 2732 expulsus,
914 2674 985 2715 oum
1000 2655 1168 2715 Armeniae
1188 2672 1293 2732 regem

284 2763 461 2837 devicisset,
474 2760 704 2840 Cappadociam
721 2761 754 2820 in
771 2762 950 2840 provinciae
965 2763 1099 2822 formam
1111 2760 1292 2837 redegisset,

284 2859 402 2929 annum
423 2886 518 2943 agens
543 2865 657 2926 aetatis
681 2873 827 2945 quartum
851 2873 883 2927 et
904 2867 1120 2929 tricensimum
1144 2867 1293 2927 diuturno

284 2973 391 3033 morbo
406 2972 594 3032 Antiochiae
606 2972 694 3048 obiit,
708 2971 770 3033 non
784 2975 850 3034 sine
863 2975 976 3034 veneni
990 2974 1176 3052 suspicione.
1208 2974 1293 3032 Nam

284 3085 408 3158 praeter
428 3078 552 3155 livores,
574 3079 629 3157 qui
651 3085 718 3140 toto
740 3101 867 3158 corpore
889 3087 987 3156 erant,
1008 3087 1039 3141 et
1062 3099 1199 3159 spumae,
1215 3098 1294 3158 quae

239 3205 268 3250 ao
284 3204 341 3266 per
360 3205 394 3245 os
413 3186 562 3262 fluebant,
578 3187 707 3247 cremati
727 3206 852 3265 quoque
872 3207 925 3247 cor
944 3187 1027 3247 inter
1047 3206 1118 3248 ossa
1137 3188 1295 3264 incorrup-

284 3296 353 3351 tum
367 3297 526 3369 repertum
546 3298 611 3352 est:
635 3293 723 3352 ouius
746 3311 783 3353 ea
803 3298 916 3353 natura
936 3292 1147 3366 existimatur,
1161 3298 1198 3351 ut
1218 3291 1295 3350 tino

513 3405 582 3458 tum
610 3416 731 3458 veneno
764 3399 835 3476 igne
868 3399 977 3459 confici
1005 3403 1149 3476 nequeat.
1207 3396 1325 3477 Obiit2

514 3510 671 3579 autemut
680 3504 788 3583 opinio
797 3506 868 3578 fuit,
876 3506 988 3565 fraude
997 3505 1111 3580 Tiberi,
1119 3503 1294 3566 ministerio

286 3620 318 3675 et
339 3633 434 3692 opera
455 3611 510 3672 On.
526 3612 662 3688 Pisonis,
679 3613 734 3689 qui
755 3613 812 3672 sub
833 3613 914 3672 idem
934 3618 1060 3691 tempus
1081 3613 1191 3690 Syriae
1210 3631 1295 3692 prae·

286 3720 417 3805 positus,
440 3737 497 3780 nec
522 3717 728 3782 dissimulans
751 3718 973 3780 offendendum
1001 3718 1061 3782 sibi
1089 3724 1145 3781 aut
1173 3723 1295 3798 patrem

773 3824 806 3876 42

284 3464 331 3512 ms
342 3465 419 3512 death
