3106 4378
504 882 543 948 Ο.
568 884 776 950 SUETONI
808 883 1109 964 TRANQUILLI

476 1068 559 1150 Dll
599 1070 752 1152 VITA
794 1069 1136 1154 GAESARUM

705 1265 839 1324 niens
867 1265 905 1325 v.

570 1441 730 1507 DIVUS
763 1441 1041 1508 CLAUDIUS.

270 1744 285 1788 s
341 1732 468 1792 Patrem
491 1731 605 1794 Claudi
628 1732 770 1793 Caesaris
790 1734 939 1809 Drusum,
954 1733 1029 1793 olim
1049 1733 1214 1794 Decimum
1235 1743 1339 1794 moxl

300 1879 456 1926 „mmm
527 1838 684 1897 Neronem
706 1839 917 1916 praenomine,
943 1838 1044 1913 Livia,
1068 1857 1138 1898 oum
1164 1840 1309 1915 Augusto

299 1952 387 2000 father
395 1952 422 2000 of
528 1942 658 2018 gravida
687 1943 857 2021 nupsisset,
887 1943 972 2004 intra
1003 1962 1143 2003 mensem
1177 1944 1307 2005 tertium

301 2027 420 2076 cmm·
528 2048 659 2126 peperit,
691 2048 817 2126 fuitque
853 2049 999 2126 suspicio,
1032 2067 1071 2108 ex
1105 2048 1219 2109 vitrico
1252 2068 1308 2128 per

274 2225 277 2232 ι
300 2152 449 2213 adulterii
469 2153 727 2212 consuetudinem
751 2159 957 2232 procreatum.
1001 2154 1116 2215 Statim
1138 2159 1222 2216 certe
1241 2154 1308 2214 vul-

255 2266 284 2312 10
300 2263 390 2333 gatus
412 2262 460 2318 est
481 2275 606 2318 versus:

537 2369 601 2428 Τοῖς
616 2367 763 2445 ὥτυχοῦσι
778 2367 823 2426 καὶ
837 2368 956 2445 τρίμηνα
970 2365 1071 2427 παιδία.

298 2468 332 2528 Is
347 2469 469 2528 Drusus
480 2468 514 2527 in
529 2475 714 2546 quaesturae
729 2476 957 2548 praeturaeque
968 2469 1085 2529 honore
1096 2470 1162 2530 dux
1173 2469 1306 2546 Raetici,

298 2573 412 2634 deinde
428 2575 607 2635 Germanici
622 2574 698 2634 belli
710 2577 869 2636 Oceanum
886 2575 1175 2654 septemtrionalem
1186 2575 1306 2653 primus

297 2679 511 2740 Romanorum
532 2681 646 2740 ducum
667 2668 830 2758 navigavit
854 2686 1004 2758 transque
1032 2681 1179 2762 Rhenum
1203 2680 1305 2741 fossas

252 2795 281 2841 lo
296 2786 371 2845 novi
385 2792 417 2845 et
432 2785 579 2846 immensi
593 2787 697 2865 operis
713 2786 828 2862 effecit,
841 2805 920 2864 quae
934 2805 1017 2845 nunc
1033 2774 1134 2845 adhue
1149 2785 1305 2845 Drusinae

296 2897 456 2952 vocantur.
499 2893 634 2952 Hostem
654 2893 749 2953 etiam
769 2893 951 2969 frequenter
974 2909 1098 2952 caesum
1120 2909 1156 2950 ac
1178 2890 1305 2968 penitus

296 2996 329 3055 in
350 2996 480 3058 intimas
498 2998 684 3059 solitudines
708 3005 813 3059 actum
832 3017 896 3058 non
916 2997 1004 3076 prius
1024 2996 1149 3057 destitit
1170 2996 1304 3074 insequi,

296 3121 390 3181 quam
413 3104 533 3181 species
554 3105 704 3165 barbarae
726 3105 877 3180 mulieris,
893 3104 1031 3164 humana
1052 3101 1194 3181 amplior,
1209 3102 1305 3161 vieto

295 3227 362 3268 rem
375 3210 503 3270 tendere
518 3211 604 3271 ultra
618 3229 759 3272 sermone
773 3212 888 3272 Latino
904 3209 1125 3289 prohibuisset.
1167 3208 1250 3278 Quas
1265 3207 1304 3267 ob

250 3323 279 3369 20
295 3333 344 3375 res
369 3315 485 3376 ovandi
510 3316 559 3377 ius
584 3323 616 3377 et
640 3316 846 3394 triumphalia
870 3322 1055 3378 ornamenta
1079 3313 1238 3393 percepit;
1268 3330 1304 3372 ac

295 3427 367 3498 post
385 3427 565 3501 praeturam
586 3423 755 3483 confestim
776 3422 856 3483 inito
878 3422 1042 3482 consulatu
1064 3426 1159 3498 atque
1180 3417 1304 3496 expedi-

294 3526 380 3587 tione
403 3528 547 3605 repetita,
567 3547 748 3607 supremum
773 3528 857 3588 diem
880 3528 986 3588 morbo
1011 3527 1090 3587 obiit
1114 3526 1148 3584 in
1173 3522 1302 3584 aestivis

293 3632 415 3707 castris,
430 3651 510 3710 quae
525 3652 564 3692 ex
578 3652 615 3692 eo
630 3633 788 3694 Scelerata
802 3639 876 3694 sunt
891 3632 1057 3710 appellata.
1096 3633 1216 3709 Corpus
1234 3628 1301 3689 eius

293 3755 350 3816 per
364 3736 607 3815 municipiorum
618 3738 872 3817 coloniarumque
883 3737 1045 3817 primores,
1056 3735 1301 3815 suscipientibus

783 3843 816 3894 76
