3106 4378
607 292 719 342 urana
741 291 791 344 vr.
841 291 948 343 unae.
1220 278 1285 346 109

266 468 310 522 'et
333 461 448 523 sororis
469 461 565 538 ioco,*
582 461 784 540 querentibus
806 461 941 523 dominis
969 462 1145 523 factionum
1166 482 1286 541 reprae

278 569 431 629 sentanda
445 567 630 646 praemiain
640 573 802 647 posterum
813 567 927 628 sanxit.
970 568 1149 628 Maiestatis
1160 587 1284 645 quoque

277 679 310 734 et
331 673 557 734 adulteriorum
580 672 754 751 incestique
775 691 847 732 cum
869 691 973 734 sorore
1000 673 1122 752 Lepida
1150 674 1207 734 sub
1235 693 1285 734 ex-

276 798 367 841 cessu
382 777 487 838 Tiberi
504 797 584 855 reus,
600 777 774 838 mutatione
788 784 963 856 temporum
976 778 1078 839 evasit
1089 779 1284 857 decessitque

277 885 392 964 Pyrgis
414 884 522 944 morbo
544 902 643 960 aquae
665 882 842 960 intercutis,
865 883 991 944 sublato
1011 883 1077 942 filio
1098 885 1224 944 Nerone
1245 898 1315 944 ext

277 990 462 1069 Angppina,
480 989 665 1051 Germanico
679 989 794 1065 genita.

245 1103 264 1154 6
316 1096 403 1156 Nero
416 1099 510 1155 natus
526 1100 573 1154 est
588 1095 668 1154 Anti
682 1099 755 1172 post
764 1085 869 1155 VIIII
884 1113 1023 1155 mensem
1034 1114 1128 1172 quam
1138 1094 1283 1155 Tiberius

277 1200 421 1276 excessit,
441 1201 558 1261 XVIII
581 1200 655 1260 Kal.
676 1198 743 1259 Ian.
767 1205 894 1260 tanturn
918 1200 1003 1276 quod
1024 1200 1184 1260 exoriente
1209 1199 1282 1277 sole,

277 1324 376 1384 paene
403 1310 439 1365 ut
467 1305 565 1366 radiis
594 1304 682 1382 prius
711 1323 805 1383 quam
832 1309 917 1365 terra
943 1304 1061 1364 contin·
1086 1369 1252 1416 mmm
1339 1392 1341 1397 Ι

277 1417 411 1487 geretur.
454 1413 502 1471 De
524 1412 669 1488 genitura
689 1409 756 1470 eius
778 1409 887 1470 statIm
908 1409 1009 1469 multa
1029 1414 1061 1469 et
1300 1421 1329 1465 10

277 1514 483 1576 formidolosa
504 1514 615 1574 multis
636 1515 895 1591 coniectantibus,
918 1514 1086 1592 praesagio
1103 1514 1167 1573 fuit
1188 1514 1284 1575 etiam

277 1620 399 1681 Domiti
417 1620 518 1698 patris
533 1639 604 1695 vox,
619 1620 703 1680 inter
718 1620 944 1697 gratrdationes
961 1620 1130 1680 amicorum
1146 1624 1284 1698 aequatis

278 1729 439 1814 quicquum
454 1745 489 1784 ea
502 1745 533 1784 se
548 1735 575 1785 et
586 1725 762 1803 Aqrt‘ppc'uu
775 1729 837 1784 ruisi
851 1728 1022 1786 detestabile
1033 1735 1060 1784 et
1071 1727 1152 1785 mulo
1160 1728 1283 1801 publico

277 1835 362 1891 caeci
386 1834 529 1906 potuisse.
587 1830 739 1890 Eiusdem
766 1831 893 1891 futurae
921 1830 1121 1890 infelicitatis
1158 1830 1283 1906 signum
1369 1855 1370 1858 ¹

277 1936 406 1996 evidens
431 1936 482 1995 die
507 1935 638 1997 lustrico
666 1936 811 2012 exstitit3
844 1955 918 1996 nam
943 1936 975 1995 C.
1006 1937 1129 2012 Caesar,
1154 1943 1329 2012 rogantem

278 2060 381 2102 sorore
396 2047 431 2100 ut
445 2040 563 2101 infanti
583 2041 668 2119 quod
685 2041 783 2100 vellet
802 2060 916 2102 nomen
934 2041 1033 2116 daret,
1048 2042 1175 2102 intuens
1195 2042 1284 2102 Clau-

224 2202 229 2216 ,
277 2147 365 2207 dium
379 2151 525 2225 patruum
542 2166 643 2222 suum,
659 2165 678 2206 a
692 2166 755 2224 quo
767 2167 841 2206 mox
855 2147 998 2226 principe
1013 2148 1097 2207 Nero
1116 2147 1283 2225 adoptatus

277 2257 333 2328 est,
349 2256 414 2312 etus
428 2271 458 2311 se
473 2252 556 2311 dlxit
575 2256 658 2326 dure,
673 2270 775 2329 neque
792 2252 860 2328 ipse
879 2253 959 2312 serio
973 2253 1029 2312 sed
1048 2271 1104 2330 per
1125 2253 1236 2328 iocum,
1252 2259 1284 2312 et

277 2363 465 2435 aspernante
480 2356 669 2435 AgrippIna
684 2358 769 2435 quod
784 2363 851 2417 tum
871 2357 1023 2418 Claudius
1043 2358 1126 2418 inter
1146 2358 1285 2418 ludibria

277 2461 366 2523 aulae
381 2469 456 2522 erat.
1300 2473 1330 2518 20

303 2564 478 2628 'Trimulus
501 2573 623 2647 patrem
645 2567 769 2644 amisit3
795 2568 884 2630 cuius
905 2587 945 2628 ex
964 2573 1054 2646 parte
1074 2568 1170 2628 tertia
1184 2567 1283 2644 heres,

277 2693 317 2734 ne
330 2673 411 2734 hanc
426 2673 554 2751 quidem
571 2673 727 2750 integram
747 2674 839 2752 cepit,
859 2674 1011 2752 correptis
1030 2692 1086 2752 per
1100 2674 1284 2733 coheredem

278 2779 391 2841 Gaium
413 2778 571 2839 universis
592 2779 690 2839 bonis.
742 2780 785 2838 Et
807 2779 939 2840 subinde
961 2785 1060 2838 matre

277 2883 374 2945 etiam
404 2884 551 2961 relegata,
582 2903 681 2962 paene
715 2883 807 2962 inops
839 2889 934 2962 atque
967 2903 1060 2961 egens

277 2991 361 3068 apud
375 2989 504 3050 amitam
520 2989 672 3067 Lepidam
688 2989 828 3050 nutritus
844 2995 902 3065 est,
918 2990 976 3050 sub
996 2990 1115 3051 duobus
1135 2991 1286 3068 paedago-
1300 3007 1330 3052 25

277 3095 324 3172 gis
346 3095 495 3156 saltatore
518 3102 613 3173 atque
634 3101 769 3156 tonsore.
818 3096 936 3156 Verum
958 3095 1091 3156 ClaudIo
1118 3095 1285 3174 imperium

277 3200 401 3279 adepto,
430 3219 493 3261 non
522 3200 624 3289 solum
660 3207 808 3280 paternas
841 3220 915 3280 opes
943 3201 1141 3279 reciperavit,
1170 3202 1225 3261 sed
1253 3209 1285 3262 et

278 3304 382 3385 Crispi
396 3306 541 3367 Passieni
557 3307 664 3367 vitrici
679 3307 728 3368 sui
742 3307 917 3368 hereditate
932 3307 1053 3367 ditatus
1068 3314 1124 3368 est.
1173 3307 1286 3368 Gratia

277 3411 404 3490 quidem
416 3417 448 3471 et
460 3413 602 3491 potentia
610 3419 772 3473 revocatae
780 3413 1009 3490 restitutaeque
1019 3414 1130 3473 matris
1139 3432 1238 3490 usque
1249 3432 1285 3473 eo

277 3516 392 3593 floruit,
408 3523 445 3589 ut
459 3523 619 3577 emanaret
636 3518 671 3576 in
684 3518 808 3595 vulgus,
823 3517 935 3579 missos
958 3539 976 3578 a
996 3519 1169 3579 Messalina
1189 3538 1285 3578 uxore
1301 3531 1330 3576 eo

278 3622 400 3698 Claudi,
417 3622 472 3700 qui
487 3641 557 3682 eum
572 3623 802 3699 meridiantem,
818 3625 909 3701 quasi
926 3624 1102 3685 Britannici
1117 3624 1284 3698 aemulum,
1359 3701 1361 3705 Ι

279 3728 524 3805 strangularent.
568 3728 720 3789 Additum
743 3729 879 3806 fabulae,
902 3735 936 3790 at
961 3730 1085 3790 eosdem
1110 3731 1286 3790 dracones

1085 2843 1131 2889 liin
1147 2842 1276 2890 childhcod
