3078 4380
295 299 337 362 28
372 311 401 364 C.
428 312 585 364 SUETONI
606 313 836 377 TRANQUILLI
859 315 907 366 Du
929 316 1019 366 VITA
1042 316 1246 368 CAESARUM

293 483 374 545 hanc
399 485 429 545 ei
453 485 504 545 vel
528 487 728 565 praecipuam
753 487 862 550 fuisse.
905 489 992 548 Toto*
1008 489 1135 566 quidem
1154 489 1299 566 triennio,
1338 480 1341 487 ’

294 609 356 667 quo
370 591 497 651 vivente
518 595 617 652 matre
635 592 725 667 afuit,
743 593 839 654 semel
858 592 985 653 omnino
1004 613 1072 654 eam
1090 613 1147 654 nee
1163 594 1299 673 emplius

293 714 388 773 quam
413 715 476 756 uno
501 696 553 756 die
577 697 775 775 paucissimis
799 697 884 758 vidit
907 698 1011 774 horis3
1042 718 1078 760 ac
1102 718 1175 759 mox
1199 719 1300 778 neque

294 819 408 884 aegrae⁸
415 802 525 862 adesse
539 801 663 862 curavit
676 803 920 882 defunctamque
935 811 975 880 et,
991 805 1066 865 dum
1081 805 1235 866 adventus
1250 804 1299 866 sui

247 924 262 970 5
294 926 381 984 spem
396 907 483 982 iacit,
499 907 707 985 complurium
728 908 848 969 dierum
867 929 954 969 mora
967 915 1114 988 corrupto
1128 911 1253 970 demum
1268 916 1300 971 ot

293 1013 400 1073 tabido
421 1031 549 1091 corpore
570 1013 751 1074 funeratam
771 1014 934 1092 prohibuit
954 1015 1138 1091 consecrari,
1160 1016 1250 1094 quasi
1264 1015 1299 1076 id

292 1118 363 1196 ipsa
387 1118 576 1179 mandasset.
600 1119 862 1179 ‘Testamentum
888 1138 1011 1197 quoque
1036 1121 1102 1182 eius
1127 1140 1184 1199 pro
1207 1121 1299 1189 irrito

292 1203 412 1298 imbuit,
428 1223 592 1301 omnisque
607 1223 763 1284 amicitias
775 1229 807 1283 et
817 1224 1060 1300 familiaritates,
1075 1226 1170 1286 etiam
1184 1226 1298 1304 quibus

293 1347 329 1388 ea
348 1328 470 1388 funeris
491 1329 540 1388 sui
558 1347 663 1388 curam
683 1329 819 1388 moriens
839 1330 1090 1405 demandaverat,
1106 1329 1190 1391 intra
1205 1331 1298 1391 breve

161 1481 167 1490 .
248 1447 276 1492 10
291 1438 416 1511 tempus
438 1433 560 1509 afflixit,
583 1452 646 1493 uno
666 1453 706 1493 ex
727 1433 777 1509 iis,
799 1435 954 1511 equestris
977 1435 1096 1495 ordinis
1117 1436 1196 1512 viro,
1211 1443 1243 1496 et
1265 1437 1298 1497 in

293 1539 423 1598 antliam
439 1539 654 1599 condemnato,
705 1566 737 1619 s

332 1643 485 1703 Filiorum
507 1663 607 1722 neque
630 1645 807 1704 naturalem
829 1643 967 1706 Drusum
989 1665 1091 1724 neque
1114 1647 1297 1725 adoptivum
1312 1659 1349 1710 52

292 1749 513 1810 Germanicum
532 1750 636 1826 patria
653 1749 786 1809 caritate
806 1749 927 1825 dilexit,
945 1751 1075 1811 alterius
1090 1752 1179 1812 vitiis
1198 1752 1298 1811 infen-

518 1873 579 1913 sus.
625 1853 709 1913 Nam
734 1856 857 1915 Drusus
881 1854 1023 1916 fluxioris
1048 1857 1297 1934 remissiorisque

246 1981 274 2025 15
290 1921 407 2012 merone
516 1958 601 2018 vitae
624 1964 698 2019 erat.
743 1960 856 2036 Itaque
877 1979 917 2019 ne
938 1966 1061 2020 mortuo
1081 1961 1208 2037 quidem
1230 1981 1297 2040 per-

289 2064 364 2123 inde
390 2063 534 2124 adfectus
559 2070 617 2138 est,
642 2065 697 2124 sed
718 2070 843 2125 tantum
866 2085 930 2124 non
953 2065 1061 2126 statim
1084 2085 1103 2126 a
1123 2067 1234 2126 funere
1257 2068 1297 2127 ad

286 2170 486 2244 'negotiorum
517 2169 775 2229 consuetudinem
803 2170 906 2246 rediit,
935 2171 1058 2230 iustitio
1086 2171 1225 2247 longiore
1253 2173 1297 2231 in-

289 2274 399 2334 hibito.
442 2273 524 2344 Quin
538 2280 571 2334 et
588 2274 753 2334 Iliensium
771 2274 885 2350 legatis
903 2275 998 2353 Paulo
1018 2275 1117 2336 serius
1137 2263 1297 2337 consolan-

289 2379 384 2454 tibus,
408 2379 498 2457 quasi
519 2377 687 2439 obliterata
707 2379 768 2439 iam
792 2380 908 2441 doloris
930 2381 1088 2456 memoria,
1110 2381 1245 2442 irridens
1266 2402 1296 2442 se

243 2495 273 2541 ao
289 2504 404 2560 qaoque
420 2484 584 2563 respondit
597 2488 691 2544 uicem
706 2505 809 2544 eorum
823 2488 930 2561 dolere,
945 2490 1025 2562 qaod
1039 2491 1189 2564 epreqiura
1203 2493 1296 2548 cicera

289 2592 448 2650 Hectorem
463 2594 642 2650 amisissent.
687 2590 874 2651 Germanico
888 2610 987 2669 usque
1002 2593 1079 2651 adeo
1097 2592 1294 2668 obtrectavit,

289 2701 325 2754 ut
350 2702 382 2755 et
405 2695 565 2772 praeclara
589 2695 676 2754 facta
699 2695 766 2756 eius
794 2715 851 2774 pro
880 2697 1080 2774 supervacuis
1108 2697 1239 2758 eleuarit
1263 2704 1295 2758 et

288 2800 529 2876 gloriosissimas
545 2800 692 2860 victorias
709 2819 766 2861 ceu
784 2802 949 2862 damnosas
968 2803 1014 2862 rei
1034 2803 1178 2880 publicae
1199 2803 1296 2864 incre-

288 2911 385 2984 paret.
428 2906 517 2976 Quod
542 2925 616 2965 vero
642 2906 873 2966 Alexandream
901 2912 1029 2985 propter
1052 2908 1237 2968 immensam
1263 2915 1295 2968 et

243 3030 272 3074 25
288 3013 485 3089 repentinam
507 3011 625 3070 famem
645 3011 821 3072 inconsulto
843 3030 876 3072 se
897 3013 1025 3088 adisset,
1040 3019 1169 3090 questus
1191 3012 1295 3074 est'in

289 3124 407 3178 senatu.
450 3116 557 3176 Etiam
579 3134 673 3176 causa
694 3119 803 3178 mortis
825 3118 924 3178 fuisse
944 3119 974 3179 ei
995 3138 1051 3196 per
1071 3120 1125 3179 Cn.
1146 3119 1294 3180 Pisonem

288 3222 423 3298 legatum
448 3223 558 3300 Syriae
578 3223 723 3300 creditur,
739 3245 831 3303 quem
851 3245 924 3286 mox
941 3226 1034 3286 huius
1053 3226 1193 3287 criminis
1207 3247 1294 3287 reum

287 3333 401 3406 putant
417 3327 545 3405 quidam
560 3329 709 3389 mandata
722 3331 926 3408 prolaturum,
939 3333 1002 3392 nisi
1013 3351 1051 3392 ea
1060 3338 1180 3392 secreto
1195 3338 1294 3394 osten-

287 3438 358 3493 tant
379 3480 385 3492 .
409 3480 416 3492 .
439 3480 445 3492 .
468 3453 547 3512 quae
566 3435 772 3496 multifariam
791 3437 979 3516 inscriptum
994 3446 1025 3499 et
1042 3460 1097 3518 per
1111 3446 1218 3501 noctes
1233 3459 1294 3500 cre-

242 3552 271 3596 30
288 3539 421 3599 berrime
445 3541 658 3602 adclamatum
684 3548 748 3603 est:
782 3545 887 3604 Redde
915 3546 1150 3606 Germanicam!
1188 3547 1293 3618 Quam

288 3647 497 3725 suspicionem
522 3647 721 3707 confirmavit
746 3648 814 3727 ipse
839 3655 956 3727 postea,
982 3650 1112 3727 coniuge
1137 3651 1233 3712 etiam
1258 3670 1293 3712 ao

286 3753 394 3814 liberis
410 3751 591 3838 Germanici
605 3752 763 3813 crudelem
777 3753 811 3812 in
825 3754 952 3814 modum
966 3755 1099 3816 afflictis.
