3078 4380
283 287 325 350 20
360 300 389 350 o.
416 299 572 351 sunrorr
594 299 825 363 reasqumnr
847 301 897 350 nn
917 300 1009 351 vrrs
1032 301 1233 352 cansarum

175 467 178 472 ’
283 490 343 549 que
371 471 410 531 dc
438 469 615 531 tribuendis
638 470 825 548 quibusdam
853 470 1044 532 militaribus
1067 472 1159 532 donis
1186 473 1227 532 ad
1255 491 1288 532 se

282 577 445 651 referrent,
474 576 565 654 quasi
599 595 662 635 non
696 575 836 636 omnium
870 576 1107 637 tribuendorum
1141 576 1204 655 ipsi
1238 577 1287 639 ius

282 681 442 742 haberent.
484 681 664 741 Praetorem
675 680 885 756 conlaudavit,
898 682 982 758 quod
996 681 1111 741 honore
1126 681 1206 742 inito
1220 699 1289 742 con-

283 786 480 846 suetudinem
504 785 667 864 antiquam
692 786 854 846 retulisset
876 786 915 846 de
943 787 1112 846 maioribus
1141 787 1206 847 suis
1230 806 1288 865 pro

251 891 427 952 tcontione
452 891 652 951 memorandi.
706 891 909 960 Quorundam
928 890 1103 951 illustrium
1122 891 1287 968 exsequias

282 1015 381 1074 usque
396 997 436 1056 ad
451 1015 560 1072 rogum
575 996 799 1074 frequentavit.

322 1103 435 1163 Parem
449 1101 695 1161 moderationem
713 1101 885 1161 minoribus
900 1119 1023 1180 quoque
1042 1107 1074 1162 et
1093 1101 1237 1181 personis
1255 1107 1288 1163 et

282 1207 374 1269 rebus
410 1206 562 1266 exhibuit.
620 1206 699 1266 Cum
734 1205 930 1266 Rhodiorum
963 1206 1175 1283 magistratus,
1204 1209 1288 1286 quod

282 1312 405 1372 litteras
440 1311 584 1390 publicas
619 1312 687 1372 sine
722 1311 951 1388 subscriptione
986 1311 1026 1372 ad
1062 1330 1094 1372 sc
1127 1311 1286 1388 dederant,

238 1432 266 1477 10
282 1425 450 1495 evocasset,
470 1439 510 1478 ne
531 1420 626 1479 verbo
649 1419 777 1497 quidem
798 1419 971 1480 insectatus
993 1437 1028 1478 ac
1050 1424 1174 1479 tanturn
1196 1420 1288 1480 modo

281 1525 383 1585 iussos
407 1524 600 1584 subscribere
623 1524 754 1584 remisit.
797 1524 955 1599 Diogenes
976 1523 1208 1600 grammaticus,
1227 1525 1289 1585 dis-

281 1636 391 1708 putare
420 1628 557 1689 sabbatis
585 1628 692 1688 Rhodi
720 1628 841 1703 solitus,
870 1628 1049 1688 venientem
1081 1647 1161 1704 cum,
1190 1634 1227 1689 ut
1254 1649 1287 1690 se

281 1742 371 1796 extra
391 1734 532 1794 ordinem
556 1735 687 1810 audiret,
709 1754 773 1794 non
796 1733 967 1794 admiserat
991 1753 1028 1795 ao
1051 1753 1107 1813 per
1130 1734 1288 1796 servolum
1382 1767 1384 1774 ·

282 1860 372 1901 suum
393 1841 429 1900 in
448 1838 618 1916 septimum
639 1839 722 1899 diem
744 1839 912 1900 distulerat
921 1863 930 1915 5
954 1839 1039 1900 hunc
1062 1840 1188 1916 Romae,
1208 1840 1288 1901 salu-

236 1945 370 2007 letandi
398 1945 447 2006 sui
475 1963 569 2006 causa
596 1964 654 2022 pro
680 1945 802 2006 foribus
830 1945 1016 2020 adstantem,
1041 1944 1122 2004 nihil
1150 1945 1287 2023 amplius

281 2071 374 2130 quam
389 2058 426 2110 ut
438 2056 512 2130 post
526 2049 696 2128 septimum
716 2069 832 2110 annum
851 2049 968 2109 rediret
983 2049 1154 2110 admonuit.
1196 2051 1288 2112 Prae·

281 2157 401 2218 sidibus
420 2155 594 2216 onerandas
610 2154 731 2215 tributo
749 2154 926 2234 provincias
942 2154 1145 2215 suadentibus
1160 2155 1288 2234 rescrip-

282 2264 333 2338 sit,
349 2267 419 2324 boni
433 2266 569 2339 postoris
582 2281 643 2321 esec
658 2264 779 2321 tondere
793 2281 895 2339 pecus,
911 2281 972 2321 oon
986 2264 1146 2338 deglubere.

321 2367 479 2430 Paulatim
493 2367 668 2444 principem
684 2366 831 2441 exseruit,
845 2366 1068 2445 praestititque
1090 2365 1151 2427 etsi
1164 2367 1286 2428 varium
1301 2377 1339 2428 33

236 2481 266 2526 20
281 2517 390 2566 (traduat
507 2472 570 2548 diu,
606 2472 846 2532 commodiorem
881 2477 991 2560 tamen
1023 2471 1147 2551 saepius
1182 2479 1214 2532 ct
1245 2474 1286 2533 ad

281 2587 445 2721 msumpttqq
455 2585 482 2634 of
506 2577 662 2638 utilitates
697 2577 838 2655 publicas
868 2577 1054 2654 proniorem.
1107 2578 1154 2636 Ac
1185 2577 1286 2655 primo
1349 2563 1351 2568 Α

281 2674 413 2722 eoreregn

504 2686 636 2744 'eatenus
672 2683 911 2758 interveniebat,
941 2701 980 2741 ne
1016 2682 1092 2760 quid
1124 2701 1286 2761 perperam

281 2787 377 2848 fieret.
414 2789 527 2866 Itaque
538 2795 570 2849 et
581 2788 822 2849 constitutiones
838 2793 966 2848 senatus
980 2788 1133 2866 quasdam
1147 2787 1286 2865 rescidit,

281 2899 313 2954 et
328 2894 565 2971 magistratibus
581 2915 638 2974 pro
657 2895 809 2954 tribunali
829 2893 1087 2972 cognoscentibus
1102 2893 1287 2972 plerumque

236 3013 266 3058 25
283 3017 315 3059 se
338 3000 487 3060 offerebat
510 3001 722 3062 consiliarium
745 3001 965 3080 assidebatque
986 2999 1100 3060 iuxtim
1122 3000 1173 3060 rel
1194 3001 1288 3060 exad-

282 3123 407 3165 versum
421 3107 453 3165 in
469 3114 557 3186 parte
572 3108 702 3186 primori
711 3132 718 3184 3
742 3114 775 3169 et
793 3109 821 3168 si
838 3129 932 3188 quem
949 3127 1071 3170 reorum
1088 3106 1171 3167 elabi
1185 3106 1288 3184 gratia
1392 3186 1394 3193 γ

282 3231 387 3272 rumor
406 3220 497 3290 esset,
515 3215 638 3276 subitus
655 3216 765 3276 aderat
782 3215 963 3294 iudicesque
982 3221 1037 3298 aut
1056 3213 1183 3292 eplano
1202 3219 1288 3274 aute

283 3319 470 3396 quaesitoris
485 3321 636 3382 tribunali
650 3322 757 3399 legum
775 3328 808 3382 et
826 3322 988 3399 religionis
1003 3327 1034 3381 et
1048 3338 1158 3395 noxae,
1173 3321 1211 3380 de
1226 3339 1289 3398 qua

238 3452 247 3469 r
282 3432 511 3504 cognoscerent,
527 3429 731 3504 admonebat3
754 3433 848 3506 atque
863 3428 968 3502 etiam,
984 3427 1011 3486 si
1028 3446 1092 3505 qua
1104 3426 1139 3486 in
1152 3426 1288 3505 publicis

237 3540 268 3588 ³0
283 3533 419 3594 moribus
445 3520 644 3595 desidia'aur
667 3534 752 3594 mala
775 3531 1000 3593 consuetudine
1023 3531 1175 3608 labarent,
1197 3531 1290 3593 corri-

282 3639 385 3717 ganda
392 3638 540 3717 suscepit.
568 3639 947 3699 Ludorumacmunerum
958 3637 1117 3716 impensas
1126 3637 1287 3717 corripuit,
1303 3642 1341 3694 34

282 3744 479 3826 mercedibus
501 3743 711 3805 scaenicorum
735 3743 843 3805 recisis
864 3742 1055 3822 paribusque
1078 3742 1288 3823 gladiatorum
