3078 4380
275 251 294 314 6
351 260 380 313 C.
407 259 563 311 SURTONI
585 258 815 322 TRANQUILLI
836 259 887 310 DE
908 259 999 311 VITA
1021 258 1225 312 CAESARUM

273 435 381 510 animi,
410 453 481 494 cum
509 439 541 494 et
567 431 764 512 Agrippinae
796 433 1023 494 consuetudine
1055 439 1215 494 teneretur
1247 439 1280 494 et

274 540 376 602 Iuliae
395 557 496 600 mores
515 538 722 617 improbaret;
744 543 781 598 nt
800 557 895 616 quam
915 539 1065 601 sensisset
1086 540 1135 600 sui
1154 558 1279 618 quoque

274 645 458 724 subpriore
482 645 596 705 marito
621 649 831 723 appetentem,
856 646 941 722 quod
965 664 1039 706 sane
1063 646 1160 706 etiam
1183 647 1279 724 vulgo

273 750 521 812 existimabatur.
566 750 628 810 Sed
649 749 859 828 Agrippinam
879 755 912 810 et
930 751 1071 826 abegisse
1091 757 1163 830 post
1178 752 1279 813 divor-

242 856 352 917 ntium
382 855 494 933 doluit,
519 861 551 916 et
575 855 671 917 semel
700 855 827 917 omnino
854 874 894 914 ex
922 873 1051 916 occursu
1075 857 1174 918 visam
1201 859 1278 918 adeo

273 962 430 1023 contentis
453 968 485 1022 et
506 961 688 1023 umentibus
711 960 809 1021 oculis
833 966 1017 1039 prosecutus
1040 967 1097 1038 est,
1119 967 1157 1022 ut
1177 969 1279 1024 custo-

273 1068 375 1128 ditum
391 1067 487 1128 sitne
506 1085 656 1145 umquam
674 1065 708 1125 in
727 1065 980 1144 conspectumei
1000 1067 1131 1144 posthac
1145 1067 1276 1129 veniret.

272 1174 351 1235 Cum
367 1172 452 1234 Iulia
465 1173 566 1251 primo
584 1172 780 1232 concorditer
794 1177 826 1231 et
840 1189 944 1231 amore
960 1177 1070 1232 mutuo
1083 1172 1182 1248 vixit3
1204 1192 1278 1233 mox

273 1278 416 1355 dissedit,
439 1284 472 1338 et
495 1277 659 1356 aliquanto
683 1277 819 1353 gravius,
842 1283 878 1336 ut
902 1276 998 1336 etiam
1020 1283 1173 1355 perpetuo
1195 1297 1279 1339 secu-

228 1394 257 1440 ιο
273 1384 369 1460 beret,
393 1385 567 1460 intercepto
589 1382 764 1443 communis
787 1381 835 1440 fili
863 1382 1002 1460 pignore,
1030 1383 1084 1460 qui
1113 1383 1279 1461 Aquileiae

272 1495 366 1550 natus
387 1489 493 1550 infans
518 1489 695 1548 exstinctus
717 1493 775 1548 est.
821 1488 962 1547 Drusum
987 1488 1119 1548 fratrem
1144 1489 1178 1547 in
1202 1490 1277 1550 Ger-

272 1595 378 1656 mania
405 1594 521 1669 amisit,
546 1593 635 1653 cuius
658 1612 781 1670 corpus,
806 1593 941 1670 pedibus
965 1598 1033 1652 tcto
1058 1593 1171 1653 itinere
1193 1612 1279 1672 prae·

272 1701 427 1777 grediens,
447 1701 579 1758 Romam
601 1717 700 1775 usque
722 1698 875 1776 pervexit.

313 1803 464 1865 Civilium
477 1803 647 1863 officiorum
662 1803 852 1863 rudimentis
867 1821 971 1878 regem
987 1803 1178 1864 Archelaum
1193 1804 1279 1865 Tral-
1292 1812 1311 1862 8

227 1934 257 1980 15
497 1907 599 1968 lianos
620 1914 653 1967 et
671 1907 849 1982 Thessalos,
865 1907 954 1967 varia
967 1927 1107 1985 quosque
1122 1909 1161 1968 de
1175 1927 1278 1985 causa,

271 1991 350 2051 Μ’
368 1990 427 2038 Μ
497 2013 643 2089 Augusto
667 2019 873 2088 cognoscente
897 2011 1057 2090 defendit3
1086 2033 1144 2091 pro
1169 2014 1280 2074 Laodi-

272 2076 357 2112 emet
498 2119 584 2178 cenis
600 2118 805 2196 Thyatirenis
820 2117 918 2192 Chiis,
934 2123 1036 2177 terrae
1051 2124 1139 2178 motu
1153 2119 1278 2180 afflictis

272 2241 424 2302 opemque
432 2222 684 2301 implorantibus,
694 2228 837 2283 senatum
849 2224 1034 2300 deprecatus
1042 2229 1106 2300 est3
1122 2224 1280 2284 Fannium

272 2329 470 2406 Caepionem,
485 2328 541 2406 qui
560 2347 631 2388 cum
646 2329 787 2390 Varrone
808 2329 943 2387 Murena
962 2329 995 2386 in
1010 2329 1191 2404 Augustum
1211 2348 1280 2389 con-

227 2445 257 2492 as
273 2434 456 2512 spiraverat,
468 2453 556 2493 reum
571 2432 747 2494 maiestatis
763 2434 848 2511 apud
863 2433 982 2493 iudices
998 2433 1077 2493 fecit
1091 2439 1123 2493 et
1137 2435 1281 2494 condem-

271 2539 369 2599 navit.
412 2540 562 2617 Interque
577 2539 653 2599 haec
668 2538 826 2616 duplicem
846 2556 951 2598 curam
969 2539 1213 2614 administravit,
1229 2559 1280 2599 an-

273 2663 372 2704 nonae
386 2663 467 2722 quae
486 2645 583 2705 artior
601 2644 763 2719 inciderat,
774 2649 806 2703 et
821 2645 1087 2722 repurgandorum
1102 2650 1171 2705 tota
1184 2645 1281 2704 Italia

169 2748 172 2752 ’
272 2749 510 2826 ergastulorum,
527 2769 658 2827 quorum
673 2749 792 2809 domini
808 2749 842 2808 in
857 2749 1011 2810 invidiam
1023 2756 1174 2810 venerant
1189 2749 1279 2827 quasi

273 2861 420 2934 exceptos
441 2856 682 2933 supprimerent,
704 2874 768 2914 non
790 2854 891 2914 solum
912 2854 1049 2915 viatores
1073 2855 1181 2915 sedet
1202 2872 1279 2932 quos

227 2978 258 3024 25
274 2960 461 3021 sacramenti
478 2966 581 3022 metus
596 2960 717 3021 adeius
732 2961 818 3020 modi
833 2961 969 3021 latebras
985 2959 1197 3038 compulisset.

315 3065 481 3144 Stipendia
498 3065 601 3143 prima
615 3065 814 3144 expeditione
829 3066 1017 3126 Cantabrica
1035 3064 1181 3126 tribunus
1201 3064 1281 3124 mili·
1294 3071 1312 3121 9

500 3177 569 3230 tum
586 3171 673 3246 fecit,
688 3171 762 3230 dein
783 3172 877 3231 ducto
896 3171 937 3231 ad
956 3170 1118 3231 Orientem
1140 3170 1280 3230 exercitu

499 3295 629 3351 regnum
640 3275 809 3336 Armeniae
822 3275 953 3352 Tigrani
964 3275 1105 3336 restituit
1114 3294 1149 3335 ac
1160 3294 1217 3353 pro
1227 3264 1281 3334 tri-

497 3379 609 3440 bunali
623 3380 770 3440 diadema
784 3380 942 3458 imposuit.
987 3380 1120 3458 Recepit
1134 3373 1279 3456 et'signa

228 3500 258 3546 ao
275 3504 354 3563 quae
375 3487 418 3546 M.
435 3485 548 3547 Crasso
568 3486 750 3546 ademerant
770 3485 891 3548 Parthi.
934 3487 1013 3546 Post
1036 3485 1096 3546 hoc
1117 3487 1281 3547 Comatam

275 3591 412 3653 Galliam
431 3610 513 3651 anno
532 3591 599 3651 fere
617 3591 710 3666 rexit,
725 3597 758 3651 et
776 3591 977 3651 barbarorum
999 3590 1232 3651 incursionibus
1249 3596 1281 3650 et

275 3695 454 3776 principum
468 3695 625 3758 discordia
637 3695 821 3775 inquietam.
864 3695 950 3754 Exin
963 3695 1128 3756 Raeticum
1141 3695 1282 3758 Vindeli-

274 3252 390 3313 uilltaxy
408 3265 475 3300 cam·

274 3328 366 3388 Palm
