3106 4378
584 283 697 336 umus
719 285 769 337 vr.
819 285 926 336 nnnc.
1195 274 1258 340 141

255 451 366 515 haesit.
424 457 587 536 Siquidem
609 459 840 536 imagunculam
863 461 1045 539 puellarem,
1068 481 1140 522 cum
1167 459 1259 538 quasi

255 559 428 620 remedium
447 561 633 623 insidiarum
648 583 667 624 a
680 565 803 643 plebeio
817 566 999 656 quodamet
1015 567 1123 642 ignoto
1136 563 1258 624 muneri

254 665 435 743 accepisset,
460 667 584 728 detecta
611 670 777 730 confestim
807 671 1031 747 coniuratione,

254 788 311 847 pro
335 789 456 832 summo
479 773 605 834 numine
630 774 787 853 trinisque
809 775 843 834 in
865 775 917 835 die
942 776 1034 837 sacri·
1057 751 1227 879 {fflffiffi

254 873 333 934 ficiis
357 876 457 937 colere
484 879 707 962 persereravit,
731 879 918 958 volebatque
947 880 1031 941 credi
1090 837 1106 884 p
1186 936 1191 944 ,
1272 895 1287 940 c

254 979 426 1041 monitione
448 982 515 1043 eius
536 984 646 1045 futura
665 1003 875 1073 praenoscere.
918 986 1002 1046 Ante
1024 1004 1137 1064 paucos
1163 1005 1257 1063 quam

253 1083 371 1162 periret
382 1104 505 1146 menses
516 1086 653 1145 attendit
664 1092 697 1146 et
707 1087 900 1166 exstispicio,
911 1107 968 1149 nco
979 1109 1126 1167 umquam
1142 1089 1259 1150 litavit.

201 1193 238 1245 5¹1
294 1189 382 1249 Obiit
395 1188 577 1250 tricensimo
590 1196 623 1250 et
638 1191 774 1252 secundo
788 1191 900 1251 aetatis
916 1210 1006 1268 anno,
1022 1190 1073 1252 die
1088 1210 1149 1268 quo
1164 1210 1258 1269 quon·

253 1294 326 1354 dam
345 1295 509 1355 Octaviam
528 1294 738 1373 interemerat,
755 1301 941 1374 tentumque
963 1297 1112 1372 gaudium
1133 1296 1258 1374 publice
1301 1350 1302 1355 ,

253 1399 405 1476 praebuit,
421 1405 457 1459 ut
474 1400 563 1478 plebs
582 1400 713 1479 pilleata
730 1407 799 1461 tota
819 1401 895 1461 urbe
916 1401 1033 1461 discur-
1273 1413 1303 1458 10

253 1509 343 1564 reret.
396 1506 439 1564 Et
465 1511 572 1566 tamen
599 1525 663 1565 non
690 1506 861 1568 defuerunt
891 1506 947 1584 qui
977 1525 1033 1585 per
1057 1476 1234 1610 ffissffil

252 1608 380 1686 longum
407 1615 532 1689 tempus
557 1611 662 1672 vernis
689 1611 880 1690 aestivisque
904 1611 1032 1673 floribus
1057 1625 1229 1684 cynamomo

254 1714 411 1775 tumulum
433 1715 501 1776 eius
526 1721 683 1792 ornarent,
706 1735 741 1776 eo
764 1718 856 1777 modo
879 1717 1032 1793 imagines
1057 1699 1177 1822 mebi

254 1825 466 1897 praetextatas
501 1820 535 1879 in
569 1822 679 1883 rostris
717 1821 903 1900 proferrent,
939 1823 1033 1882 modo

254 1924 358 1985 edicta
380 1925 468 2003 quasi
491 1925 629 1987 viventis
652 1932 684 1987 et
706 1927 794 1987 brevi
818 1945 931 2003 magno
955 1926 1153 1986 inimicorum
1175 1925 1258 1986 malo
1274 1941 1303 1987 1⁶

254 2031 417 2091 reversuri.
460 2031 544 2102 Quin
563 2031 658 2092 etiam
672 2031 845 2108 Vologesus
864 2032 1054 2092 Parthorum
1072 2050 1137 2107 rex,
1152 2030 1258 2092 missis

255 2135 295 2196 ad
316 2141 459 2196 senatum
479 2135 594 2212 legatis
615 2137 654 2196 de
676 2136 882 2216 instauranda
906 2137 1063 2212 societate,
1084 2137 1142 2196 hoc
1163 2136 1258 2196 etiam

254 2260 368 2317 magno
382 2260 474 2320 opere
489 2241 591 2302 oravit
601 2247 636 2302 ut
646 2242 783 2303 Neronis
797 2242 947 2303 memoria
961 2242 1122 2303 coleretur·
1166 2241 1275 2328 Deni-¹

254 2364 314 2423 que
337 2365 406 2406 cum
430 2352 501 2425 post
524 2328 768 2423 vigintiannos,
786 2347 986 2408 adulescente
1008 2367 1066 2422 mc,
1082 2347 1259 2408 exstitisset

254 2451 446 2514 condicionis
470 2451 607 2513 incertae
628 2452 684 2530 qui
706 2472 740 2513 se
761 2453 919 2512 Neronem
939 2471 1006 2513 esse
1029 2453 1169 2528 iactaret,
1192 2457 1258 2512 tarn
1273 2465 1304 2513 20

255 2556 427 2617 favorabile
447 2575 560 2616 nornen
582 2557 649 2617 eius
668 2558 753 2636 apud
769 2557 905 2618 Parthos
919 2556 992 2634 fuit,
1007 2562 1044 2617 ut
1057 2557 1258 2617 vehementer

254 2661 381 2722 adiutus
395 2667 428 2722 et
441 2663 497 2723 vix
511 2661 654 2723 redditus
669 2661 720 2723 sit.
