3106 4378
517 243 1001 356 rmunrv.⁴e.oan1ouul.
1089 340 1092 346 .
1160 299 1162 304 ·
1224 289 1264 358 71

260 472 460 549 plurifariam
471 473 570 549 circo;
591 473 919 536 canendiacsaltandi
929 475 1094 553 voluptate
1104 474 1151 535 ita
1160 475 1266 536 effere

260 579 360 653 batur,
379 584 415 637 ut
436 597 476 638 ne
491 577 625 656 publicis
645 579 771 656 quidem
790 579 976 658 spectaculis
995 585 1185 657 temperaret
1204 599 1266 658 quo

260 685 365 744 minus
387 690 420 743 et
441 684 589 759 tragoedo
610 685 830 762 pronuntianti
851 685 1037 761 concineret,

258 797 291 851 et
313 796 436 867 gestum
461 789 626 850 histrionis
645 789 736 868 quasi
755 789 888 851 laudans
906 791 958 850 vel
976 809 1040 851 cor-

259 897 363 974 rigens
381 895 487 973 palam
508 894 677 972 effingeret.
718 896 786 956 Neo
809 895 873 970 alia
891 896 930 957 de
947 914 1040 956 eausa

258 1002 383 1063 videtur
407 1021 442 1061 eo
467 1001 528 1077 dio,
551 1019 614 1078 quo
638 1001 742 1080 periit,
764 1000 966 1079 pervigilium
992 1000 1146 1062 indixisse
1171 1019 1265 1078 qnam

258 1112 295 1166 ut
315 1107 443 1166 initium
465 1107 499 1166 in
518 1125 663 1167 scaenam
685 1106 860 1184 prodeundi
880 1106 1009 1167 licentia
1025 1107 1176 1184 temporis
1198 1126 1266 1168 aus-

258 1212 424 1290 picaretur.
475 1212 618 1273 Saltabat
643 1218 749 1273 autem
776 1231 1011 1290 nonnumquam
1036 1213 1131 1272 etiam
1155 1218 1263 1290 noctu3
1305 1192 1307 1196 ¹

258 1323 290 1377 ct
309 1319 467 1395 qnondam
487 1324 553 1378 tres
575 1319 755 1378 consulares
775 1319 912 1379 secunda
929 1317 1040 1395 vigilia
1057 1318 1091 1376 in
1107 1317 1266 1378 Palatium

258 1423 374 1483 accitos
397 1424 558 1501 multaque
582 1430 614 1484 et
639 1431 778 1484 extrema
797 1424 968 1484 metuentis
991 1443 1084 1502 super
1105 1423 1264 1501 pulpitum
1282 1435 1311 1482 10

258 1529 442 1604 conlocavit,
458 1530 532 1589 dein
554 1534 683 1607 repente
703 1548 817 1606 magno
837 1529 986 1589 tibiarum
1009 1535 1039 1589 et
1061 1529 1265 1589 scabellorum

258 1635 380 1711 crepitu
399 1653 469 1693 cum
487 1633 574 1712 palla
593 1635 763 1712 tunicaque
781 1634 875 1694 talari
896 1634 1044 1712 prosiluit
1060 1652 1095 1694 ac
1110 1633 1266 1694 desaltato

258 1739 380 1826 cantico
404 1740 492 1800 abiit
543 1737 649 1816 Atque
673 1738 726 1800 hic
747 1745 814 1800 tam
836 1739 948 1800 docilis
971 1740 1012 1800 ad
1033 1747 1136 1800 cetera
1156 1745 1265 1800 natare

257 1845 378 1904 nesciit.

164 1943 168 1949 ’
206 1951 244 2001 55
298 1949 436 2020 Quorum
457 1968 532 2010 vero
555 1950 661 2010 studio
682 1955 851 2025 teneretur,
875 1949 1020 2011 omnibus
1045 1950 1085 2011 ad
1109 1949 1265 2010 insaniam
1282 1965 1310 2010 15

258 2054 349 2114 favit.
396 2056 587 2115 Mnesterem
611 2055 841 2133 pantomimum
863 2054 960 2115 etiam
982 2055 1065 2115 inter
1087 2054 1267 2133 spectacula
1305 2087 1307 2092 ·

258 2159 466 2235 osculabatur,
482 2178 518 2220 ac
534 2161 562 2220 si
580 2160 635 2237 qui
653 2159 791 2220 saltante
805 2179 843 2220 εο
860 2160 911 2220 vel
928 2160 1040 2222 leviter

257 2265 461 2342 obstreperet,
476 2265 601 2325 detrahi
620 2265 742 2326 iussum
755 2247 853 2326 manu
866 2285 924 2326 sua
937 2265 1040 2343 flagel-
1065 2244 1217 2379 ¹1:2¹¹ssng
1227 2242 1254 2290 ⁰¹

258 2368 352 2430 labat.
394 2369 506 2448 Equiti
521 2371 664 2431 Romano
678 2371 888 2431 tumultuanti
903 2389 958 2449 per
973 2389 1040 2430 cen-

258 2474 414 2535 turionem
434 2475 644 2552 denuntiavit,
660 2476 761 2536 abiret
781 2476 848 2536 sine
865 2494 951 2536 mora
965 2475 1087 2536 Ostiam
1101 2476 1266 2554 perferret
1281 2487 1311 2535 ao

257 2599 319 2657 quo
346 2581 386 2640 ad
413 2581 630 2641 Ptolomaeum
659 2599 764 2659 regem
789 2580 823 2640 in
850 2580 1077 2641 Mauritaniam
1104 2579 1265 2640 codicillos

258 2703 347 2762 suos;
369 2705 502 2764 quorum
522 2685 700 2764 exemplum
721 2693 804 2747 erat:
826 2689 872 2747 Εἰ
885 2705 972 2762 quem
986 2690 1059 2746 istoc
1077 2689 1156 2760 misi,
1171 2705 1266 2761 aeque

257 2793 328 2850 boae·
355 2796 518 2868 quicquum
545 2811 640 2869 aeque
664 2796 739 2853 mult
760 2795 891 2869 seceris!
931 2792 1085 2852 Thraeces
1114 2792 1265 2869 quosdam

258 2897 426 2957 Germanis
440 2897 580 2975 corporis
596 2898 779 2959 custodibus
793 2897 982 2976 praeposuit.
1025 2896 1266 2957 Murmillonum

258 3007 432 3064 armaturas
447 3003 568 3064 recidit.
607 3005 757 3065 Columbo
768 3005 891 3080 victori,
907 3004 1019 3065 leviter
1032 3010 1138 3064 tamen
1149 3003 1265 3079 saucio,
1281 3013 1311 3058 as

210 3163 214 3170 .
257 3126 413 3167 venenum
440 3109 475 3168 in
502 3109 629 3187 plagam
654 3111 787 3186 addidit,
809 3110 893 3188 quod
917 3130 956 3171 ex
980 3130 1016 3171 eo
1044 3109 1265 3171 Columbinum

257 3212 432 3289 appellavit
455 3213 514 3292 (sic
536 3198 619 3276 certe
645 3216 728 3277 inter
756 3216 820 3277 alia
840 3235 961 3277 venena
988 3215 1141 3294 scriptum
1166 3215 1206 3276 ab
1229 3233 1266 3275 eo

256 3323 415 3395 repertum
430 3322 510 3400 est),
533 3320 678 3399 prasinae
700 3322 832 3382 factioni
853 3321 899 3383 ita
920 3321 1064 3382 addictus
1081 3326 1113 3381 et
1129 3320 1264 3398 deditus,

256 3428 292 3482 ut
321 3430 446 3485 cenaret
474 3425 508 3484 in
537 3427 661 3487 stabulo
689 3427 814 3488 assidue
842 3433 874 3488 et
901 3433 1049 3488 maneret.
1106 3427 1265 3505 Agitatori

256 3529 404 3608 Eutycho
425 3530 645 3592 comissatione
667 3531 802 3608 quadam
820 3531 855 3590 in
873 3531 1074 3610 apophoretis
1088 3531 1185 3591 vicies
1205 3519 1267 3592 ses
1281 3541 1311 3587 ao

254 3633 387 3694 tertium
409 3636 552 3696 contulit.
595 3635 734 3696 Incitato
755 3654 843 3713 equo,
865 3636 953 3696 cuius
976 3655 1070 3698 causa
1085 3636 1187 3715 pridie
1209 3636 1266 3695 cir-

257 3757 375 3815 censes,
400 3759 440 3800 ne
462 3739 700 3817 inquietaretur,
723 3739 858 3800 vicinias
882 3740 1044 3802 silentium
1067 3760 1122 3819 per
1145 3740 1264 3800 milites
