3106 4378
490 300 601 351 umus
624 302 659 353 v.
711 301 824 353 nrvos
847 302 1041 353 circnma.
1206 286 1271 352 105

232 543 239 553 ,
264 476 412 549 ratusque
430 477 480 532 est
497 472 644 531 sollemni
661 473 840 552 principum
861 493 976 552 pompa
997 480 1029 534 et
1050 474 1082 532 in
1104 491 1270 532 numerum
1303 463 1305 468 ’

264 577 392 636 deorum
415 576 552 637 relatus:
581 596 675 654 quem
703 579 850 638 honorem
881 599 900 638 a
926 580 1052 639 Nerone
1081 577 1270 638 destitutum

263 681 477 759 abolitumque
496 682 614 760 recepit
634 702 707 742 mox
728 702 784 761 per
804 684 1041 761 Vespasianum.
1318 670 1321 676 ¹

209 797 248 848 46
263 787 431 864 Praesagia
457 787 568 847 mortis
599 787 666 848 eius
699 789 869 866 praecipua
897 791 1042 849 fuerunt:
1070 761 1247 898 mmm

262 897 389 953 exortus
410 892 542 952 crinitae
564 893 683 969 stellae,
703 893 813 972 [quam
834 900 976 954 cometen
994 915 1044 955 vo
1286 911 1301 956 5

262 1000 361 1080 cant‚]
377 1003 558 1076 tactumque
573 999 612 1058 de
628 999 714 1059 caelo
735 1006 972 1061 monumentum
995 999 1092 1062 Drusi
1113 998 1223 1078 patris,
1238 1003 1270 1058 et

262 1103 346 1181 quod
360 1103 468 1164 eodem
483 1122 565 1164 anno
579 1122 618 1163 ex
632 1105 771 1164 omniurn
788 1105 1030 1180 magistratuum
1049 1123 1160 1181 genere
1179 1103 1271 1182 pleri-

262 1225 322 1286 que
347 1214 479 1268 mortem
504 1209 654 1269 obierant.
699 1211 761 1270 Sed
785 1229 841 1270 nec
865 1210 932 1288 ipse
954 1209 1113 1287 ignorasse
1135 1215 1190 1270 aut
1210 1209 1272 1270 dis·

263 1313 426 1374 simulasse
455 1313 568 1374 ultima
597 1315 679 1375 vitae
710 1335 783 1376 suae
816 1322 958 1394 tempora
986 1316 1120 1390 videtur,
1149 1315 1271 1392 aliquot

262 1418 391 1496 quidem
415 1420 618 1495 argumentis.
659 1421 745 1480 Nam
769 1427 894 1480 etcum
917 1421 1060 1481 consules
1082 1420 1269 1496 designaret,
1287 1433 1316 1478 ro

262 1523 421 1606 neminem
432 1524 517 1585 ultra
531 1544 669 1586 mensem
685 1545 747 1603 quo
761 1527 840 1586 obiit
854 1527 1042 1602 designavit,
1055 1531 1087 1586 et
1101 1526 1134 1584 iu
1149 1531 1269 1600 senatu,

262 1629 313 1688 cui
337 1630 509 1690 novissime
534 1631 690 1707 interfuit,
716 1633 851 1692 multum
874 1633 914 1692 ad
937 1631 1133 1692 concordiam
1155 1631 1270 1691 liberos

263 1753 335 1794 suos
356 1735 547 1812 cohortatus,
568 1737 735 1814 utriusque
756 1743 892 1797 aetatem
917 1737 1102 1815 suppliciter
1127 1736 1270 1814 patribus

263 1840 503 1916 commendavit,
518 1841 598 1900 etin
612 1841 726 1902 ultima
739 1841 916 1918 cognitione
932 1862 989 1920 pro
1006 1841 1157 1902 tribunali
1178 1860 1271 1902 acces-

263 1948 336 2004 sisse
350 1929 494 2022 odfluem
514 1950 716 2021 mortalitatis,
732 1966 921 2025 quamquam
939 1946 1193 2007 abominantibus
1214 1946 1270 2024 qui
1287 1963 1315 2008 15

155 2077 162 2088 ·
263 2049 441 2126 audiebant,
457 2050 554 2111 semel
568 2056 663 2129 atque
677 2051 792 2111 iterum
806 2051 1032 2130 pronuntiavit.
