3078 4380
545 303 657 354 nmna
679 303 732 355 111.
785 302 965 354 rmnerus
1217 283 1259 350 21

254 477 295 538 ad
318 482 439 538 certum
466 495 631 536 numerum
655 475 799 536 redactis.
850 473 1085 536 Corinthiorum
1113 491 1260 534 vasorum

254 582 357 661 pretia
379 582 413 641 in
436 583 623 642 immensum
651 580 805 642 exarsisse
828 585 956 658 tresque
984 579 1099 639 mullos
1127 577 1261 655 triginta

254 688 382 750 milibus
402 707 565 748 nummum
584 687 708 748 venisse
729 686 867 763 graviter
887 704 1035 764 conques-

253 800 314 870 tus,
330 793 541 854 adhibendum
558 791 749 872 supellectili
769 792 897 852 modurn
910 791 1033 852 censuit
1058 779 1254 900 ffiffissm

254 918 472 978 annonamque
487 897 612 958 macelli
632 903 759 959 senatus
774 897 931 959 arbitratu
945 902 1034 975 quot
1276 907 1291 953 o
1373 975 1376 982 Ι

254 1004 345 1065 annis
380 1004 625 1083 temperandam,
663 1003 737 1063 dato
769 1001 924 1064 aedilibus
965 1003 1092 1080 negotio
1128 1003 1260 1082 popinas

254 1129 431 1188 ganeasque
451 1129 552 1188 usque
571 1128 609 1169 eo
625 1107 799 1184 inhibendi,
819 1114 856 1169 ut
875 1127 915 1168 ne
936 1127 1030 1186 opere
1051 1109 1180 1187 quidem
1200 1109 1261 1188 pis-

232 1215 336 1294 ¹toria
353 1215 487 1294 proponi
506 1213 631 1274 venalia
649 1213 796 1274 sinerent.
839 1213 882 1273 Et
903 1219 940 1273 ut
961 1214 1185 1292 parsimoniam
1207 1234 1262 1293 pu·

254 1320 369 1382 blicam
391 1319 534 1399 exemplo
556 1338 680 1398 quoque
704 1319 837 1395 iuvaret,
859 1319 1063 1380 sollemnibus
1085 1319 1155 1398 ipse
1175 1320 1261 1381 cenis

253 1425 400 1505 pridiana
411 1444 502 1504 saepe
517 1444 553 1485 ac
569 1443 689 1485 semesa
699 1423 829 1484 obsonia
839 1424 986 1502 apposuit
998 1425 1261 1504 dimidiatumque
1278 1439 1307 1486 10

254 1551 373 1610 aprum,
389 1529 556 1606 affirmans,
571 1533 675 1590 omnio
689 1533 793 1589 eodem
807 1531 923 1605 babere,
939 1548 1015 1605 qaae
1029 1539 1130 1591 totam.

295 1636 463 1698 Cotidiana
476 1635 584 1696 oscula
597 1635 700 1696 edicto
714 1633 887 1713 prohibuit,
899 1634 976 1694 item
992 1639 1169 1696 strenarum
1183 1656 1262 1698 com-

254 1741 403 1802 mercium
420 1760 460 1800 ne
477 1741 562 1801 ultra
578 1740 652 1800 Kal
668 1741 735 1800 Ian.
752 1744 956 1800 exerceretur.
1000 1741 1173 1802 Consuerat
1189 1761 1262 1820 qua·

255 1847 399 1925 druplam
428 1851 575 1922 strenam,
599 1850 631 1905 et
659 1845 698 1904 de
726 1863 830 1920 manu,
859 1845 1006 1922 reddereq
1041 1846 1096 1906 sed
1124 1847 1262 1908 offensus

255 1950 451 2030 interpellari
473 1969 506 2011 se
524 1956 593 2010 toto
608 1968 716 2010 mense
736 1947 776 2010 ab
793 1948 834 2010 iis
852 1949 910 2028 qui
928 1955 1119 2028 potestatem
1139 1951 1189 2012 sui
1210 1952 1308 2014 die1o

203 2067 240 2118 35
255 2057 339 2118 festo
352 2076 415 2117 non
428 2055 622 2130 habuissent,
637 2053 724 2116 ultra
739 2074 803 2115 non
817 2054 902 2115 tulit.
945 2056 1107 2117 Matronae
1129 2063 1263 2135 prostra·
1294 2118 1297 2122 .

255 2168 306 2223 tae
320 2161 501 2241 pudicitiae,
516 2160 630 2239 quibus
647 2165 811 2222 accusator
828 2160 974 2240 publicus
994 2161 1125 2239 deesset,
1140 2167 1177 2223 ut
1195 2181 1263 2242 pro-

255 2267 367 2346 pinqui
381 2285 466 2327 more
481 2266 634 2327 maiorum
649 2266 689 2326 de
703 2265 861 2327 communi
879 2266 1037 2327 sententia
1062 2347 1093 2392 n
1138 2348 1160 2395 fi

1009 2371 1016 2384 ·
1093 2359 1138 2395 cen
1160 2359 1218 2396 0111·

255 2378 433 2436 coercerent
447 2371 637 2433 auotoriuit.
680 2370 792 2449 Equiti
803 2372 946 2431 Romano
956 2371 1036 2440 iuris
1062 2423 1225 2470 mmm

255 2478 380 2538 iurandi
397 2477 531 2554 gratiam
550 2476 637 2552 iecit,
652 2495 781 2536 uxorem
802 2475 836 2535 in
857 2481 967 2555 stupro
988 2495 1037 2552 ge
1279 2493 1309 2538 ac

254 2583 322 2644 neri
344 2589 535 2661 compertam
556 2582 741 2658 dimitteret,
757 2600 851 2659 quam
874 2599 908 2642 se
928 2600 1100 2659 numquam
1121 2583 1264 2661 repudia·

255 2696 362 2749 tinum
375 2692 449 2748 ante
463 2687 629 2748 iuraverat.
671 2686 820 2746 Feminae
834 2686 984 2762 famosae,
993 2694 1030 2746 ut
1044 2688 1085 2747 ad
1098 2688 1263 2750 evitandas

255 2793 360 2871 legum
374 2812 491 2872 poenas
512 2791 579 2852 iure
598 2810 634 2852 ae
653 2791 809 2868 dignitate
829 2791 997 2851 matronali
1017 2793 1262 2871 exsolverentur,

255 2898 447 2960 lenocinium
460 2897 602 2978 profiteri
621 2902 796 2975 coeperant,
811 2902 844 2957 et
860 2917 899 2958 ex
917 2896 1081 2958 iuventute
1098 2899 1263 2978 utriusque

257 3005 375 3066 ordinis
403 3002 678 3083 profligatissimus
712 3003 855 3080 quisque,
884 3021 947 3080 quo
974 3002 1079 3064 minus
1108 3003 1142 3063 in
1170 3023 1264 3082 opera
1279 3018 1309 3064 ao

258 3129 386 3172 scaenae
409 3109 605 3187 harenaeque
630 3106 752 3168 edenda
775 3113 902 3169 senatus
927 3107 1071 3168 consulto
1095 3114 1263 3185 teneretur,

256 3217 371 3278 famosi
385 3215 496 3278 iudicii
509 3221 616 3276 notam
632 3219 743 3292 sponte
758 3214 923 3290 subibant3
946 3232 999 3274 eos
1014 3231 1128 3292 easque
1146 3233 1264 3291 omnes,

256 3344 296 3385 ne
317 3325 401 3404 quod
421 3324 579 3400 refugium
600 3322 634 3382 in
655 3320 714 3382 tali
735 3320 847 3381 fraude
869 3321 1016 3399 cuiquam
1038 3327 1129 3397 esset,
1152 3319 1264 3381 exsilio

258 3431 384 3492 adfecit.
429 3429 572 3491 Senatori
593 3428 694 3488 latum
714 3428 837 3488 clavum
860 3427 987 3503 ademit,
1003 3446 1074 3487 cum
1091 3431 1263 3503 cognosset,

259 3536 316 3598 sub
332 3536 406 3596 Kal.
423 3535 483 3596 Iul.
499 3533 690 3610 demigrasse
709 3532 744 3592 in
762 3531 878 3607 hortos,
894 3551 957 3610 quo
971 3531 1067 3593 vilius
1086 3539 1160 3612 post
1180 3532 1265 3592 diem
1280 3545 1311 3592 30

258 3642 351 3704 aedes
372 3642 406 3701 in
426 3640 502 3701 urbe
523 3640 717 3700 conduceret.
760 3637 871 3697 Alium
888 3644 920 3697 et
937 3644 1106 3715 quaestura
1120 3638 1264 3714 removit,

259 3746 342 3824 quod
360 3761 491 3806 uxorem
512 3741 615 3822 pridie
635 3742 833 3804 sortitionem
854 3741 981 3803 ductam
1002 3742 1155 3820 postridie
1176 3761 1266 3821 repu-
