3106 4378
497 283 610 333 umus
634 283 668 333 v.
720 282 832 334 orvus
857 283 1049 334 obscurus.
1237 274 1278 338 95

272 455 506 533 Urgulanillam
514 454 710 532 triumphali,
723 460 754 513 et
768 472 842 512 mox
852 453 977 514 Aeliam
992 456 1155 518 Paetinam
1171 477 1278 518 consu-

271 561 331 621 lari
345 567 442 638 patre.
486 563 566 622 Cum
581 565 714 637 utraque
734 559 905 619 divortium
927 561 1013 635 fecit,
1030 562 1085 620 sed
1107 581 1177 622 cum
1202 565 1277 623 Pae-

271 667 339 726 tina
360 686 400 726 ex
423 665 546 725 levibus
569 664 707 740 offensis,
728 683 798 724 cum
821 664 1024 740 Urgulanilla
1044 667 1083 726 ob
1107 666 1276 728 libidinum

271 773 384 850 probra
411 777 443 831 et
470 769 634 830 homicidii
661 769 880 847 suspicionem.
927 771 1004 829 Post
1031 771 1089 831 has
1118 773 1276 833 Valeriam

270 877 483 952 Messalinam,
501 875 632 936 Barbati
658 875 813 935 Messalae
839 875 1016 934 consobrini
1042 877 1091 936 sui
1114 876 1223 954 filiam,
1243 879 1307 945 ins

270 983 505 1044 matrimonium
540 980 667 1059 accepit.
711 981 809 1051 Quam
845 999 915 1040 cum
946 981 1148 1058 comperisset
1183 1003 1276 1062 super

271 1096 373 1151 cetera
387 1089 509 1165 flagitia
522 1093 617 1165 atque
632 1087 783 1146 dedecora
795 1087 827 1147 C.
842 1085 920 1146 Silio
933 1087 1027 1146 etiam
1044 1091 1189 1166 nupsisse
1203 1092 1275 1150 dote

270 1195 353 1255 inter
375 1193 731 1276 auspicesconsignata,
751 1191 906 1269 supplicio
928 1193 1046 1252 adfecit
1067 1194 1276 1256 confirmavit

270 1319 329 1378 que
344 1320 400 1378 pro
415 1299 559 1360 contione
581 1301 665 1378 apud
687 1299 911 1376 praetorianos
927 1309 1075 1374 quatenus
1095 1305 1153 1362 sibi
1173 1307 1276 1363 matut

269 1410 374 1466 monia
393 1409 472 1466 mule
493 1409 635 1480 cederent,
645 1425 884 1480 permansurum
900 1424 930 1463 sc
944 1409 976 1464 iu
992 1410 1146 1482 coelibatu,
1162 1428 1197 1468 uc
1214 1413 1276 1468 uisi
1292 1423 1321 1468 10

272 1516 496 1588 permansisset,
514 1533 576 1571 acu
597 1521 805 1570 recusaturum
826 1514 947 1587 confodi
965 1515 1107 1572 munibus
1127 1518 1272 1590 ipsorum.

269 1618 337 1678 Nec
351 1618 463 1677 durare
477 1616 579 1677 valuit
594 1617 671 1694 quin
689 1619 728 1676 de
749 1617 983 1677 condicionibus
1001 1596 1150 1678 contiuuo
1164 1625 1276 1690 tracta-

268 1729 326 1799 ret,
337 1723 434 1783 etiam
448 1724 486 1782 de
501 1723 662 1798 Paetinae,
674 1742 769 1800 quam
784 1721 860 1781 olim
874 1729 1029 1799 exegerat,
1040 1724 1140 1802 deque
1154 1726 1275 1786 Lolliae

268 1828 429 1904 Paulinae,
442 1847 522 1907 quac
537 1828 570 1888 C.
583 1828 711 1889 Caesari
726 1833 827 1904 nupta
841 1828 953 1887 fuerat.
987 1830 1104 1888 Verum
1119 1829 1274 1892 illecebris

268 1932 471 2011 Agrippinae,
488 1933 667 1995 Germanici
687 1933 797 1992 fratris
813 1931 863 1992 sui
882 1932 975 2008 filiae,
991 1953 1046 2010 per
1061 1934 1111 1995 ius
1128 1935 1226 1995 osculi
1243 1947 1275 1996 et
1292 1953 1320 1998 15

268 2037 492 2099 blanditiarum
508 2039 685 2098 occasiones
700 2037 852 2116 pellectus
875 2037 908 2097 in
929 2057 1075 2114 amorem,
1092 2041 1275 2101 subornavit

268 2144 411 2221 proximo
425 2149 537 2204 senatu
551 2143 607 2220 qui
618 2149 790 2217 censerent,
806 2143 979 2220 cogendum
994 2163 1028 2204 se
1043 2146 1082 2204 ad
1097 2146 1274 2206 ducendum

267 2267 337 2309 eam
358 2268 495 2324 uxorem,
511 2249 601 2326 quasi
622 2249 668 2307 rei
689 2247 833 2325 publicae
855 2249 991 2308 maxime
1012 2248 1186 2326 interesset,
1202 2252 1275 2310 dan-

267 2354 401 2432 damque
423 2354 534 2414 ceteris
555 2353 680 2413 veniam
701 2353 813 2412 talium
835 2353 1061 2429 coniugiorum,
1077 2374 1156 2432 quae
1179 2357 1219 2416 ad
1240 2357 1274 2417 id

266 2465 391 2537 tempus
406 2459 528 2519 incesta
541 2459 744 2519 habebantur.
787 2458 834 2518 Ac
856 2458 911 2517 vix
931 2478 993 2518 uno
1014 2458 1202 2538 interposito
1222 2462 1273 2522 die
1289 2479 1319 2524 ac

266 2565 403 2632 confecit
412 2565 559 2642 nuptias;
580 2584 643 2623 non
652 2564 785 2642 repertis
800 2564 855 2642 qui
870 2571 1073 2641 sequerentur
1084 2566 1272 2644 exemplum,

266 2675 397 2748 excepto
423 2670 571 2730 libertino
600 2670 744 2747 quodam,
768 2675 800 2728 et
828 2669 928 2729 altero
958 2669 1157 2748 primipilari,
1183 2672 1272 2732 ouius

266 2775 446 2854 nuptiarum
473 2775 608 2834 officium
637 2781 668 2834 et
695 2775 764 2852 ipse
792 2794 860 2835 cum
887 2775 1066 2853 Agrippina
1093 2776 1270 2838 celebravit.

202 2889 252 2946 ,27
266 2881 396 2941 Liberos
411 2899 449 2940 ex
465 2881 566 2941 tribus
577 2881 728 2941 uxoribus
742 2880 837 2940 tulit:
861 2898 899 2939 ex
912 2879 1045 2956 Urgula
1108 2945 1113 2956 ⁸
1174 2945 1179 2956 ,

266 2985 344 3048 nilla
358 2987 498 3046 Drusum
511 2992 544 3045 et
559 2985 732 3061 Claudiam,
748 3005 787 3045 ex
801 2985 935 3046 Paetina
949 2985 1046 3044 Anto·
1085 2945 1130 2991 ΗΝ
1141 2946 1251 2992 children
1288 3005 1318 3051 25

265 3091 360 3167 niam,
376 3111 415 3151 ex
434 3091 607 3152 Messalina
630 3092 794 3152 Octaviam
817 3095 849 3150 et
872 3110 965 3169 quem
988 3090 1089 3168 primo
1112 3090 1273 3150 Germani-

266 3215 345 3272 cum,
360 3216 434 3255 mox
447 3196 665 3257 Britannicum
681 3196 921 3272 cognominavit.
971 3198 1110 3256 Drusum
1124 3196 1272 3273 Pompeis

265 3302 459 3381 impuberem
481 3301 682 3381 amisit,.piro
703 3321 759 3379 per
780 3302 885 3361 lusum
900 3301 934 3360 in
949 3300 1081 3361 sublime
1102 3301 1220 3361 iactato
1241 3307 1273 3360 et

264 3406 354 3467 hiatu
369 3407 433 3467 oris
448 3413 579 3485 excepto
596 3407 837 3483 strangulatum,
853 3426 922 3466 cum
939 3407 968 3466 ei
983 3411 1055 3466 ante
1074 3425 1189 3484 paucos
1204 3407 1272 3466 dies

217 3559 219 3564 ,
265 3511 362 3572 filiam
384 3512 489 3572 Seiani
507 3512 735 3590 despondisset.
778 3513 847 3583 Quo
865 3512 965 3588 magis
984 3511 1079 3570 miror
1093 3511 1203 3586 fuisse,
1217 3512 1272 3588 qui
1288 3526 1317 3571 30

265 3618 425 3677 traderent
442 3617 553 3676 fraude
568 3637 587 3676 a
602 3617 714 3676 Seiano
728 3623 883 3676 necatum.
926 3616 1092 3677 Claudiam
1106 3635 1145 3675 ex
1159 3615 1272 3676 liberto

266 3740 323 3784 suo
343 3723 457 3781 Botere
482 3727 672 3800 conceptam,
695 3721 839 3799 quamvis
864 3728 936 3781 ante
962 3720 1108 3798 quintum
1132 3738 1272 3780 mensem
