3106 4378
589 305 701 354 amru
724 304 772 354 vr.
827 279 933 355 usuc.
1203 294 1267 359 113

258 484 373 538 conatu
398 477 488 538 iuxta
514 476 694 536 cubiculum
721 477 789 536 eius
818 477 936 537 decidit
964 477 1130 557 ipsumque
1158 497 1266 540 cruore

259 582 416 662 respersit.
459 583 542 642 Nam
571 600 697 660 perraro
725 582 911 660 praesidere,
937 590 1074 643 ceterum
1102 585 1265 660 accubans,

258 689 366 767 parvis
387 687 524 767 primum
545 687 763 762 foraminibus,
779 687 892 747 deinde
913 694 980 748 toto
1001 689 1096 767 podio
1116 690 1266 767 adaperto

259 800 399 873 spectare
414 799 585 854 consuerat.
947 779 950 788 “

299 900 447 962 Instituit
471 906 503 959 et
528 898 763 976 quinquennale
791 905 949 960 certamen
976 900 1098 977 primus
1126 901 1297 960 omniums

258 1006 376 1066 Romae
387 1023 472 1064 more
484 1005 604 1064 Graeco
615 1003 742 1081 triplex,
754 1003 910 1064 musicum
921 1005 1100 1083 gymnicum
1112 1012 1264 1082 equestre,

259 1111 343 1188 quod
357 1110 532 1189 appellavit
545 1108 702 1185 Neronia;
725 1109 941 1187 dedicatisque
957 1109 1040 1170 ther·
1065 1173 1085 1218 Τ
1213 1174 1218 1186 ‚

259 1216 319 1277 mis
334 1221 428 1294 atque
439 1216 612 1294 gymnasio,
626 1215 750 1274 senatui
762 1233 885 1292 quoque
897 1221 928 1274 et
939 1184 1055 1293 equiti‘
1087 1175 1119 1219 Μ
1128 1173 1236 1232 mm

258 1322 362 1382 oleum
390 1321 543 1399 praebuit.
597 1319 768 1396 Magistros
796 1325 864 1380 toto
892 1322 1056 1381 certamini
1083 1323 1266 1402 praeposuit

182 1439 184 1446 ’
258 1426 436 1488 consulares
452 1432 544 1500 sorte,
560 1426 633 1486 sede
648 1431 836 1503 praetorum.
880 1426 1003 1485 Deinde
1023 1427 1056 1485 in
1073 1427 1266 1489 orchestram
1283 1438 1311 1482 10

258 1537 464 1609 senatumque
486 1530 657 1604 descendit,
681 1535 713 1589 et
734 1530 885 1590 orationis
906 1531 1033 1608 quidem
1055 1534 1264 1610 carminisque

257 1637 364 1698 Latini
387 1655 543 1711 coronam,
567 1637 605 1695 de
630 1654 693 1713 qua
716 1635 959 1696 honestissimus
983 1638 1117 1715 quisque
1141 1645 1266 1698 conten·

257 1743 355 1816 derat,
370 1743 510 1820 ipsorum
531 1731 684 1802 consensu
705 1760 882 1801 concessam
900 1741 963 1802 sibi
979 1743 1107 1821 recepit,
1125 1743 1264 1803 citharae

257 1854 362 1908 autem
390 1867 409 1908 a
437 1847 593 1906 iudicibus
621 1847 662 1906 ad
691 1866 723 1906 se
746 1846 883 1906 delatam
899 1847 1045 1907 adoravit
1065 1848 1206 1925 ferrique
1222 1849 1264 1908 ad

253 1942 395 2031 'Augusti
417 1958 554 2013 statuam
576 1952 676 2012 iussit.
721 1953 887 2030 Gymnico,
902 1953 986 2029 quod
1002 1953 1036 2012 in
1055 1939 1179 2030 Saeptis
1197 1953 1265 2012 ede·
1282 1958 1310 2002 15

257 2059 320 2135 bat,
341 2059 425 2119 iuter
445 2058 614 2136 buthysiae
635 2064 822 2136 apparatum
843 2058 972 2118 barbam
993 2059 1126 2136 primam
1148 2059 1263 2136 posuit,

258 2164 478 2241 conditamque
500 2164 533 2222 in
554 2181 679 2223 auream
701 2163 852 2241 pyxidem
873 2169 905 2222 et
926 2163 1165 2241 pretiosissimis
1186 2183 1265 2242 mar-

257 2269 368 2345 garitis
383 2261 565 2329 adornatam
580 2267 737 2346 Capitolio
754 2267 957 2328 consecravit.
1000 2269 1052 2328 Ad
1073 2267 1263 2329 athletarum

257 2374 470 2452 spectaculum
484 2373 635 2433 invitavit
649 2379 681 2433 et
691 2372 830 2449 virgines
841 2374 997 2448 Vestales,
1010 2375 1085 2451 quia
1099 2373 1264 2452 Olympiae

257 2498 380 2557 quoque
395 2479 518 2540 Cereris
534 2480 746 2540 sacerdotibus
763 2486 904 2558 spectare
918 2479 1106 2539 conceditur.
1280 2491 1309 2536 20

206 2594 242 2645 13
295 2586 370 2645 Non
391 2585 549 2645 immerito
568 2585 651 2644 inter
671 2585 849 2663 spectacula
862 2585 901 2645 ab
915 2603 953 2644 eo
966 2585 1052 2644 edita
1066 2590 1097 2644 et
1112 2584 1264 2644 Tiridatis

256 2691 291 2751 in
306 2692 417 2752 urbem
436 2691 601 2751 introitum
620 2691 805 2751 rettulerim.
848 2690 947 2760 Quem
960 2689 1130 2750 Armeniae
1149 2708 1263 2765 regem,

257 2798 379 2874 magnis
409 2798 692 2877 pollicitationibus
722 2799 936 2874 sollicitatum,
965 2817 1036 2858 eum

257 2903 415 2963 destinato
430 2923 485 2981 per
499 2905 637 2964 edictum
652 2904 703 2964 die
717 2911 900 2964 ostensurus
919 2903 1036 2982 populo
1061 2878 1187 3002 {⁷³:132

256 3015 383 3088 propter
407 3009 552 3069 nubilum
580 3010 766 3086 distulisset,
796 3010 945 3088 produxit
973 3028 1036 3086 quo
1281 3022 1309 3066 25

257 3116 522 3194 opportunissime
536 3117 648 3196 potuit,
661 3117 826 3196 dispositis
838 3116 921 3176 circa
931 3115 993 3174 fori
1004 3113 1124 3192 templa
1134 3114 1263 3174 armatis

257 3220 446 3298 cohortibus,
479 3223 580 3283 emuli
615 3223 755 3284 residens
790 3223 874 3301 apud
902 3227 1005 3281 rostra
1038 3219 1264 3297 triumphantis

257 3325 377 3402 habitu,
399 3328 482 3388 inter
504 3329 594 3404 signa
614 3329 765 3389 militaria
779 3335 874 3405 atque
890 3326 1024 3401 vexilla3
1047 3331 1078 3384 et
1093 3324 1195 3403 primo
1209 3345 1265 3404 per

256 3431 410 3492 devexum
432 3434 589 3512 pulpitum
613 3435 799 3495 subeuntem
821 3433 948 3493 admisit
969 3433 1009 3492 ad
1030 3450 1131 3508 genua
1151 3431 1266 3492 alleva

256 3542 386 3615 tumque
398 3540 510 3599 dextra
520 3540 719 3600 exosculatus
731 3546 788 3613 est,
801 3539 874 3598 dein
885 3538 1027 3615 precanti
1037 3537 1119 3598 tiara
1130 3537 1266 3596 deducta
1281 3545 1310 3589 ³0

258 3640 402 3703 diadema
423 3642 571 3723 inposuit,
589 3645 685 3705 verba
706 3643 857 3722 supplicis
879 3637 1088 3720 interpretata
1108 3641 1265 3720 praetorio

256 3747 326 3807 viro
346 3747 545 3809 multitudini
565 3747 807 3827 pronuntiante,
829 3748 1016 3826 perductum
1037 3747 1110 3806 inde
1128 3746 1162 3805 in
1181 3746 1265 3805 thea
