3106 4378
589 300 717 361 'amna
741 311 789 362 vr
844 310 950 362 unco,
1217 296 1280 361 131

275 479 465 542 carminibus
482 480 682 542 lacessissent
693 481 863 543 exstitisse.
906 482 1010 542 Multa
1024 483 1143 544 Graece
1157 481 1281 543 Latine-

275 603 335 661 que
349 585 525 664 proscripta
539 592 593 646 aut
608 586 738 663 vulgata
752 593 835 663 sunt,
851 587 933 648 sicut
947 586 1021 647 illa:

436 747 534 826 Νέρων
547 746 685 827 Ὀρέστης
699 747 847 825 Ἀλκμέων
860 749 1058 827 μητροκτόνος.

434 903 604 979 Νεόνυμφον
618 903 718 980 Νέρων
732 902 801 964 ἰδίαν
814 903 921 981 μητέρα
935 903 1083 965 ἆπέκτεινε.

358 1056 433 1131 Quis
445 1066 534 1134 nepot
547 1057 669 1117 Aeneae
683 1077 796 1134 νηορηο
810 1060 846 1116 de
860 1061 951 1132 stirpe
966 1059 1148 1116 Neronem?
1293 1065 1309 1111 ο

394 1162 525 1221 Sustulit
539 1165 587 1221 dic
601 1171 736 1236 matrem,
752 1164 873 1220 uirtute
887 1164 936 1221 ille
945 1171 1075 1237 petrem.

299 1395 302 1401 Ι
354 1317 438 1376 Dum
452 1320 547 1376 tendit
561 1319 709 1377 citharam
723 1326 831 1392 uerter,
846 1320 920 1376 dum
934 1336 1049 1376 οοηηιο
1063 1317 1208 1391 Parthus,

396 1424 507 1480 Noster
520 1426 576 1481 erit
590 1423 707 1496 Ροοοη,
722 1424 773 1481 tue
787 1423 1013 1481 Hecatebeletes.

353 1578 456 1638 Roma
470 1580 577 1636 domus
583 1580 640 1654 flet
649 1597 660 1636 :
695 1579 783 1639 Veios
797 1581 933 1654 miqrete,
953 1577 1094 1652 Quirites,

396 1683 433 1748 Si
446 1702 507 1741 ηοη
522 1691 549 1741 et
565 1683 653 1744 Veios
667 1691 791 1758 occupet
806 1686 865 1742 istu
878 1686 994 1741 domus.
1296 1693 1324 1738 10

274 1842 336 1902 Sed
362 1861 464 1919 neque
488 1847 629 1903 auctores
658 1842 803 1920 requisiit
830 1848 862 1902 et
890 1844 1039 1921 quosdam
1066 1863 1122 1922 per
1143 1843 1297 1903 indicem¹

274 1947 393 2007 delatos
420 1947 461 2007 ad
490 1952 633 2007 senatum
669 1947 762 2007 adfici
798 1947 939 2024 graviore
975 1966 1077 2025 poena
1106 1948 1276 2026 prohibuit.

192 2058 195 2066 '
273 2053 500 2113 Transeuntem
515 2070 586 2110 eum
605 2052 747 2112 Isidorus
763 2052 900 2130 Cynicus
915 2052 949 2111 in
963 2052 1090 2130 publico
1105 2052 1189 2113 clara
1204 2071 1278 2112 voce

273 2157 473 2235 corripuerat,
496 2160 576 2236 quod
596 2159 715 2232 Naupli
735 2159 819 2216 mola
839 2160 910 2216 boue
932 2161 1098 2233 cantitaret,
1121 2177 1178 2217 sue
1201 2162 1278 2218 bono

272 2265 350 2322 mule
363 2265 532 2338 disponeret
542 2280 555 2335 ,·
584 2266 616 2321 et
631 2262 732 2321 Datus
746 2260 965 2322 Atellanarum
981 2262 1094 2322 histrio
1109 2263 1141 2321 in
1157 2263 1278 2323 cantico
1295 2279 1323 2324 ιο

273 2367 406 2444 quodam
421 2366 539 2448 Ὑγίαινε
558 2369 655 2444 πάτερ,
672 2369 775 2447 ὑγίαινε
795 2368 901 2444 ρῆτερῐ
931 2366 978 2427 ita
998 2367 1276 2443 demonstraverat,

272 2478 308 2531 ut
321 2471 481 2532 bibentem
500 2476 724 2548 natantemque
741 2471 869 2546 faceret,
886 2471 1003 2531 exitum
1026 2472 1147 2532 scilicet
1164 2472 1277 2533 Claudi

272 2577 528 2654 Agrippinaeque
543 2575 733 2652 significans,
749 2575 828 2636 etin
844 2576 1017 2637 novissima
1028 2576 1170 2637 clausula
1184 2578 1278 2639 Oreus

271 2686 354 2742 uobis
373 2685 455 2742 ducit
468 2685 561 2757 pedes
580 2687 724 2742 senatum
743 2688 835 2758 gestu
856 2687 990 2742 notarat.
1033 2682 1231 2742 Histriouem
1245 2689 1278 2743 et

271 2787 495 2866 philosophum
521 2786 608 2847 Nero
635 2786 717 2846 nihil
743 2787 878 2866 amplius
902 2807 997 2865 quarn
1019 2788 1096 2848 urbe
1119 2788 1277 2866 Italiaque
1294 2800 1323 2845 νο

272 2892 451 2968 summovit,
468 2892 517 2952 vel
533 2897 716 2971 contemptu
730 2892 832 2953 omnis
852 2892 1002 2952 infamiae
1018 2892 1068 2952 vel
1088 2911 1127 2952 ue
1147 2894 1278 2954 fatendo

271 2998 409 3058 dolorem
424 2997 564 3058 irritaret
578 2997 713 3074 ingenia.
1186 2996 1191 3012 '

218 3112 257 3164 40
311 3103 420 3164 Talem
448 3104 622 3182 principem
649 3104 744 3182 paulo
770 3103 876 3165 minus
905 3103 1153 3182 quattuordecim
1178 3123 1276 3165 annos

270 3227 437 3288 perpessus
462 3217 616 3271 terrarum
637 3209 722 3270 orbis
743 3208 872 3270 tandem
893 3209 1048 3285 destituit,
1076 3243 1247 3304 upnrngleu

271 3315 397 3375 initium
423 3315 612 3376 iacientibus
634 3313 745 3390 Gallis,
768 3315 847 3375 duce
868 3313 953 3374 Iulio
974 3314 1049 3375 Vin·
1075 3318 1254 3379 eyvinuexur
1292 3328 1322 3374 25

271 3421 348 3497 dice,
363 3422 418 3500 qui
436 3428 502 3482 tum
523 3441 591 3482 eam
611 3421 804 3500 provinciam
826 3439 883 3499 pro
904 3426 1047 3500 praetore
1075 3392 1141 3441 ⁰⁸²¹

270 3527 440 3587 obtinebat.

310 3631 511 3692 Praedictum
530 3651 550 3692 a
568 3631 799 3692 mathematicis
820 3630 941 3691 Neroni
961 3630 1037 3692 olim
1055 3638 1131 3708 erat,
1147 3632 1224 3706 iore,
1239 3636 1276 3692 ut

270 3737 457 3817 quandoque
471 3737 696 3798 destitueretur
704 3759 712 3813 ;
734 3736 817 3796 unde
833 3736 889 3796 illa
900 3755 961 3795 vox
976 3736 1044 3797 cius
1054 3737 1273 3799 celeberrima:
