3078 4380
300 277 341 346 36
376 292 406 346 e.
432 292 590 344 surrour
612 292 843 354 rauranum
866 292 916 341 nr
937 291 1028 342 vrrs
1050 291 1253 342 emensum
1276 271 1298 330 l

298 463 484 526 criminatus
497 470 546 525 est
561 464 708 542 pudenda
722 463 963 542 miserandaque
977 463 1127 539 oratione,
1140 483 1211 524 cum
1225 464 1309 525 inter

298 569 363 630 alia
385 575 490 648 patres
512 569 705 648 conscriptos
729 574 918 648 precaretur,
942 569 1106 630 mitterent
1134 570 1308 631 alterume

298 674 487 750 consulibua,
503 675 558 752 qui
580 693 613 735 se
633 693 739 736 senem
758 681 791 735 et
810 675 911 735 solum
929 675 963 735 in
980 680 1180 752 conspectum
1201 695 1307 738 eorum

298 799 368 841 cum
393 779 500 857 aliquo
527 780 659 840 militari
687 779 846 859 praesidio
869 780 1062 858 perduceret.
1107 780 1158 842 Sic
1183 801 1308 862 quoque

267 897 282 943 5
298 884 442 946 diffidens
463 885 696 963 tumultumque
712 891 864 960 metuens,
879 886 1018 946 Drusum
1041 892 1197 964 nepotem,
1213 907 1307 965 quem

297 990 434 1052 vinculis
455 991 558 1050 adbuc
578 992 698 1051 Romae
721 990 911 1067 continebat,
932 991 1022 1065 solvi,
1038 991 1066 1052 si
1087 1011 1136 1052 res
1156 999 1307 1071 posceret,

297 1097 470 1174 ducemque
488 1095 638 1156 constitui
657 1102 867 1174 praeceperat.
909 1096 1040 1174 Aptatis
1059 1093 1155 1158 etiam
1173 1099 1308 1162 navibus

298 1202 339 1262 ad
365 1219 578 1280 quascumque
606 1201 745 1277 legiones
781 1200 992 1261 meditabatur
1024 1202 1142 1279 fugam,
1171 1205 1308 1281 specula

298 1307 423 1367 bundus
439 1325 479 1366 ex
499 1305 655 1368 altissima
674 1325 750 1384 rupe
764 1305 938 1366 identidem
958 1307 1056 1383 signa,
1072 1327 1160 1385 quae,
1176 1329 1215 1369 ne
1232 1329 1309 1370 nun-

254 1419 283 1464 10
298 1411 336 1470 tii
363 1417 568 1486 morarentur,
597 1411 669 1471 tolli
689 1411 807 1489 procul,
835 1416 872 1471 ut
899 1411 1039 1488 quidque
1067 1412 1187 1472 factum
1214 1414 1307 1490 foret,

299 1516 509 1576 mandaverat.
552 1517 668 1578 Verum
688 1520 721 1576 et
734 1534 885 1594 oppressa
903 1517 1117 1577 coniuratione
1140 1518 1247 1578 Seiani
1262 1519 1309 1579 ni-

299 1619 366 1680 hilo
380 1621 517 1680 securior
531 1627 586 1681 aut
600 1621 802 1696 constantior,
815 1639 871 1698 per
885 1639 998 1681 novem
1009 1622 1169 1700 proximos
1184 1642 1307 1684 menses

298 1745 361 1784 non
376 1745 518 1802 egressus
534 1732 582 1786 est
595 1726 682 1802 villa,
698 1745 778 1803 quae
792 1731 922 1785 vocatur
936 1726 1033 1788 Ionis.

340 1831 484 1890 Urebant
508 1831 579 1891 insu
603 1850 637 1891 er
660 1831 786 1891 anxiam
810 1836 946 1918 mentem
971 1832 1059 1892 varia
1078 1833 1218 1910 undique
1239 1853 1308 1894 oon·
1321 1843 1359 1893 66

255 1946 283 1992 1t
299 1935 390 2010 vicia,
409 1936 498 1995 nullo
519 1955 584 1995 non
602 1937 821 1996 damnatorum
842 1954 934 1995 omne
956 1937 1062 2014 probri
1084 1933 1182 2014 genus
1202 1958 1307 2000 coram

299 2085 459 2145 opprobrium
526 2041 578 2100 vel
602 2060 658 2120 per
682 2041 806 2101 libellos
835 2040 868 2099 in
893 2041 1053 2102 orchestra
1076 2044 1197 2121 positos
1224 2045 1308 2122 inge·

299 2163 432 2220 astupeo
527 2152 623 2207 rente.
665 2146 785 2217 Quibus
805 2146 932 2223 quidam
950 2147 1166 2208 diversissime
1185 2149 1307 2210 adficie-

300 2233 414 2282 Tib⁶¹¹¹¹⁸
527 2253 628 2326 batur,
643 2252 735 2311 modo
753 2257 789 2311 ut
806 2269 881 2328 prae
898 2251 1017 2328 pudore
1036 2253 1145 2330 ignota
1161 2260 1193 2314 et
1206 2254 1308 2316 celata

299 2365 411 2419 cuneta
429 2362 565 2435 cuperet,
580 2375 814 2433 nonnumquam
832 2356 938 2430 eadem
958 2363 1171 2418 contemneret
1190 2364 1222 2419 et
1240 2379 1307 2438 pro

254 2474 284 2520 ao
299 2464 397 2523 ferret
408 2463 491 2522 ultro
502 2467 596 2539 atque
611 2461 763 2537 vulgaret.
805 2461 889 2531 Quin
902 2466 935 2520 et
949 2461 1104 2523 Artabani
1118 2463 1306 2525 Parthorum

300 2568 382 2644 regis
404 2568 558 2628 laceratus
579 2572 627 2642 est
648 2566 773 2641 litteris,
794 2566 964 2645 parricidia
985 2572 1016 2626 et
1039 2569 1148 2628 caedes
1171 2575 1202 2629 et
1223 2570 1307 2646 igna

300 2673 383 2733 viam
404 2679 438 2733 et
458 2672 615 2732 luxuriam
636 2670 811 2746 obicientis,
835 2671 1054 2749 monentisque
1074 2679 1110 2732 ut
1130 2675 1308 2735 voluntaria

299 2785 399 2839 morte
413 2778 550 2838 maximo
570 2777 806 2854 iustissimoque
824 2777 943 2836 civium
961 2778 1034 2837 odio
1055 2797 1149 2856 quarn
1170 2781 1307 2858 primum

299 2884 521 2946 satisfaceret.
564 2884 727 2942 Postremo
749 2888 847 2942 semet
868 2883 936 2960 ipse
958 2887 1129 2960 pertaesus,
1150 2885 1208 2946 tali
1229 2886 1308 2965 epis·
1321 2897 1359 2951 67
1386 2923 1389 2932 ·

254 3006 283 3050 25
300 2989 385 3049 tulae
405 2989 562 3067 principio
584 2992 708 3048 tantum
733 3006 796 3046 non
821 3006 974 3047 summam
999 2988 1151 3048 malorum
1180 3009 1307 3052 suorum

300 3095 461 3173 professus
480 3099 543 3152 est:

240 3214 242 3219 ’
344 3199 425 3274 Quia
439 3202 568 3258 scribam
589 3201 679 3273 uobis,
691 3207 795 3274 potres
808 3201 975 3273 correeripli,
990 3207 1044 3258 aut
1057 3218 1117 3274 quo
1134 3203 1224 3261 modo
1238 3205 1308 3262 scri

300 3308 378 3379 bum,
404 3313 457 3363 aul
480 3307 553 3380 quid
575 3307 697 3363 omniuo
720 3324 781 3362 nora
804 3306 933 3362 scribam
956 3305 1010 3362 boc
1032 3313 1169 3380 tempore,
1192 3309 1239 3366 dia·
1260 3326 1308 3366 me

300 3413 430 3485 deaeque
439 3413 528 3485 peius
539 3413 668 3484 perdant
683 3421 775 3484 quum
790 3411 897 3467 cotidie
903 3411 1006 3483 peri-re
1021 3414 1124 3483 seatio,
1140 3414 1167 3469 sa·
1181 3415 1249 3471 solo.

255 3527 284 3574 ³0
340 3514 534 3575 Existimant
548 3514 675 3591 quidam
697 3512 884 3591 [praescisse
900 3512 992 3594 haec]
1011 3528 1082 3574 eum·
1097 3515 1211 3592 peritia
1225 3517 1309 3577 futu-

301 3639 405 3680 rorum
426 3619 526 3678 multo
544 3624 625 3692 ante,
640 3623 758 3696 quanta
778 3637 811 3677 se
831 3617 1019 3696 quandoque
1038 3620 1191 3682 acerbitas
1210 3627 1242 3681 ct
1263 3622 1308 3682 in·

301 3721 786 3802 famiamaneret‚prospexisse;
808 3722 950 3799 ideoque,
961 3724 1179 3812 utimperium
1190 3726 1307 3804 inierit,

704 4037 725 4081 Κ
