3106 4378
287 271 350 334 130
388 283 417 334 a.
440 283 597 335 sunronr
616 285 845 346 calnomum
863 286 912 336 nn
931 285 1023 336 vrri
1044 287 1247 339 cansarum

286 457 399 532 gustiis
420 455 609 534 flexurisque
628 456 778 532 vicorum,
800 457 941 518 incendit
961 458 1070 518 urbem
1088 466 1153 519 tam
1176 460 1289 538 palam,

285 565 321 620 ut
331 560 473 639 plerique
484 561 662 622 consulares
674 561 881 623 cubicularios
890 563 966 638 eius,
982 582 1052 623 oum
1068 565 1291 642 stuppataeda

511 684 572 743 que
597 666 631 725 in
653 667 791 745 praediis
814 669 879 728 suis
902 668 1121 746 deprehensos,
1138 689 1201 728 non
1220 670 1292 730 atti·

284 747 436 869 fflbm'
513 772 632 848 gerint3
668 778 700 832 et
727 774 879 850 quaedam
903 773 1017 834 horrea
1043 773 1126 834 circa
1155 776 1289 835 Domum

253 891 269 937 t
512 876 660 953 Auream,
673 896 805 955 quorum
821 878 959 956 spatium
978 879 1114 939 maxime
1136 880 1291 940 desidera
1339 945 1341 950 ,

284 981 348 1056 bat,
362 987 399 1040 ut
412 981 536 1042 bellicis
550 982 704 1042 machinis
718 982 876 1044 labefacta
892 991 987 1062 atque
1006 985 1202 1046 inflammata
1215 986 1288 1060 sint,

284 1087 368 1163 quod
378 1105 472 1146 saxeo
480 1106 570 1146 muro
578 1093 758 1148 constructa
766 1094 864 1148 erant.
894 1091 956 1149 Per
966 1108 1020 1149 sex
1030 1090 1097 1150 dies
1107 1097 1289 1168 septemque

284 1198 391 1253 noctes
413 1212 449 1252 ea
469 1193 557 1253 clade
579 1193 735 1254 saevitum
757 1200 813 1270 est,
831 1196 872 1254 ad
893 1201 1165 1256 monumentorum
1186 1197 1290 1258 busto

284 1316 416 1375 rumque
441 1297 620 1359 deversoria
646 1298 737 1376 plebe
761 1299 930 1377 compulsa.
975 1301 1062 1360 Tunc
1086 1308 1211 1379 praeter
1235 1303 1290 1361 im-

239 1413 269 1460 10
284 1422 427 1462 mensum
448 1421 613 1462 numerum
634 1403 809 1464 insularum
835 1404 945 1466 domus
973 1405 1146 1482 priscorum
1175 1407 1288 1466 ducum

284 1514 428 1568 arserunt
449 1507 618 1569 hostilibus
640 1507 743 1569 adhuc
764 1509 875 1587 spoliis
896 1511 1074 1586 adornatae,
1099 1512 1288 1588 deorumque

284 1613 376 1672 aedes
405 1613 444 1673 ab
468 1613 595 1688 regibus
617 1632 654 1673 ac
677 1614 791 1674 deinde
818 1615 948 1674 Punicis
976 1620 1009 1674 et
1037 1615 1168 1676 Gallicis
1196 1616 1288 1677 bellis

284 1723 376 1778 votae
390 1717 622 1796 dedicataeque,
638 1723 671 1778 et
685 1719 840 1796 quidquid
855 1719 1022 1779 visendum
1037 1726 1131 1798 atque
1142 1740 1289 1782 memora

284 1822 347 1883 bile
368 1842 407 1882 ex
429 1822 620 1900 antiquitate
642 1824 817 1884 duraverat.
865 1825 936 1884 Hoc
964 1825 1143 1884 incendium
1166 1845 1182 1885 e
1202 1833 1288 1886 turre

239 1936 267 1980 1⁶
284 1928 524 1988 Maecenatiana
544 1933 750 2006 prospectans
771 1928 936 2006 laetusque
950 1935 1109 2006 flammae,
1124 1937 1160 1990 ut
1175 1931 1287 2006 aiebat,

278 2035 504 2110 pulchritudine
533 2033 669 2093 Halosin
697 2033 753 2092 Ilii
780 2034 814 2092 in
842 2033 898 2093 illo
922 2053 979 2094 suo
1007 2035 1149 2095 scaenico
1176 2035 1289 2096 habitu

284 2137 472 2198 decantavit.
515 2139 563 2197 Ao
590 2157 629 2198 ne
657 2158 721 2199 non
748 2138 822 2198 hino
850 2158 973 2217 quoque
1002 2145 1154 2216 quantum
1182 2146 1288 2218 posset

283 2244 416 2322 praedae
436 2249 469 2303 et
488 2244 707 2304 manubiarum
727 2242 900 2319 invaderet,
916 2244 1079 2322 pollicitus
1101 2247 1287 2305 cadaverum

283 2355 315 2409 et
336 2350 484 2409 ruderum
512 2349 682 2425 gratuitam
712 2350 913 2426 egestionem,
935 2349 1054 2408 nemini
1075 2351 1114 2410 ad
1137 2351 1287 2428 reliquias

238 2457 268 2502 2⁰
283 2473 387 2514 rerum
423 2473 549 2514 suarum
584 2453 671 2524 adire
707 2454 870 2532 permisit3
907 2453 1189 2532 collationibusque
1225 2476 1288 2515 non

282 2559 416 2638 receptis
445 2558 537 2618 modo
557 2578 666 2618 verum
688 2564 719 2618 et
740 2558 931 2636 efflagitatis·
948 2559 1126 2638 provincias
1154 2561 1288 2638 privato

282 2684 413 2742 rumque
434 2683 546 2724 census
568 2682 664 2742 prope
685 2663 840 2724 exhausit.
866 2664 1094 2724 ‘Accesserunt
1121 2665 1220 2726 tantis
1248 2685 1287 2726 ex
1301 2677 1339 2727 39

282 2770 424 2849 principe
433 2769 525 2830 malis
536 2769 720 2847 probrisque
731 2771 883 2847 quaedam
893 2775 925 2830 et
936 2770 1085 2847 fortuita:
1103 2771 1287 2848 pestilentia

508 2874 603 2935 unius
625 2875 778 2953 autumni,
794 2895 856 2954 quo
875 2876 1008 2952 triginta
1029 2876 1174 2935 funerum
1197 2876 1287 2937 milia

508 2979 542 3039 in
556 2981 709 3041 rationem
724 2981 882 3042 Libitinae
896 2987 1067 3057 venerunt;
1097 2981 1201 3042 clades
1221 2983 1286 3042 Bri-

506 3085 643 3162 tannica,
670 3107 732 3165 qua
752 3089 813 3147 duo
837 3087 1005 3166 praecipua
1029 3087 1145 3165 oppida
1173 3107 1286 3165 magna

281 3189 398 3249 civium
421 3191 636 3271 sociorumque
662 3194 755 3254 caede
780 3193 904 3271 direpta
928 3198 1021 3268 sunt,
1051 3192 1225 3268 ignominia
1245 3194 1285 3254 ad

282 3296 451 3373 Orientem,
467 3297 643 3374 legionibus
658 3299 691 3358 in
703 3299 854 3360 Armenia
868 3300 926 3360 sub
940 3299 1049 3373 iugum
1063 3299 1169 3359 missis
1184 3318 1286 3376 aegre·

281 2957 359 3004 Other

236 2990 265 3036 25
281 3032 407 3078 unctura

280 3438 421 3497 Lampoons
506 3422 567 3480 que
584 3405 676 3482 Syria
695 3410 825 3465 retenta.
869 3404 986 3463 Mirum
1003 3409 1034 3464 et
1050 3403 1101 3463 vel
1118 3404 1284 3482 praecipue

235 3519 265 3564 ³⁰
280 3513 390 3560 directed
506 3509 645 3570 notabile
665 3509 749 3570 inter
764 3510 840 3570 haec
857 3510 963 3584 fuerit,
979 3509 1060 3568 nihil
1077 3529 1147 3569 eum
1167 3510 1284 3588 patien-

280 3587 459 3648 ³ss⁸¹¹²⁸t¹⁰¹⁰
507 3613 571 3674 tius
594 3633 688 3692 quarn
711 3613 880 3674 maledicta
903 3620 933 3674 et
958 3614 1100 3674 convicia
1121 3615 1283 3674 hominum

279 3715 401 3792 tulisse,
421 3737 521 3794 neque
546 3719 580 3776 in
602 3718 683 3780 ullos
706 3719 858 3778 leniorem
877 3737 972 3796 quam
992 3719 1047 3796 qui
1066 3738 1099 3780 se
1114 3719 1209 3780 dictis
1229 3726 1284 3780 aut
