3106 4378
424 288 428 294 ·
476 293 588 343 meua
613 293 647 344 v.
698 293 810 344 n1vus
835 291 1029 344 ennomus
1214 283 1255 350 77

253 465 354 528 obviis
369 464 542 527 scribarum
557 464 702 541 decuriis,
716 466 758 526 ad
778 467 887 526 urbem
905 466 1069 527 devectum
1089 451 1257 547 sepultum·

253 589 313 649 que
327 576 376 632 est
389 570 424 630 in
437 589 547 648 campo
561 571 686 630 Martio.
728 571 871 632 Ceterum
887 571 1042 632 exercitus
1056 572 1257 634 honorarium

253 676 282 736 ei
296 677 453 737 tumulum
468 675 627 750 excitavit,
642 675 725 735 circa
742 687 836 753 quem
855 677 1002 756 deinceps
1021 682 1105 738 stato
1119 679 1171 739 die
1185 699 1257 756 quo

252 782 359 843 tannis
382 782 473 843 miles
499 782 677 841 decurreret
705 781 944 859 Galliarumque
968 782 1113 843 civitates
1133 784 1257 862 publice

253 887 476 967 supplicarent.
521 887 689 946 Praeterea
720 892 847 946 senatus
883 886 965 946 inter
1002 887 1065 948 alia
1097 889 1288 968 complurat

253 1011 459 1054 marmoreum
480 1010 587 1053 arcum
608 1010 680 1052 cum
699 991 836 1070 tropaeis
856 992 920 1052 Via
940 991 1045 1071 Appia
1063 993 1202 1054 decrevit
1225 1000 1257 1055 et

253 1097 432 1160 Germanici
446 1115 618 1174 cognomen
631 1096 694 1175 ipsi
708 1095 903 1174 posterisque
918 1096 993 1158 eius.
1030 1099 1142 1159 Fuisse
1153 1105 1256 1160 autem

251 1199 390 1264 creditur
404 1222 468 1263 uon
481 1203 585 1264 minus
600 1202 728 1279 gloriosi
747 1221 842 1280 quam
861 1202 964 1263 civilis
986 1203 1100 1280 auimi3
1122 1223 1196 1266 nam
1217 1224 1257 1265 ex

252 1309 342 1370 hoste
363 1327 457 1387 super
471 1307 619 1369 victorias
641 1307 747 1387 opima
760 1327 884 1385 quoque
899 1308 1001 1386 spolia
1019 1314 1161 1387 captasse
1177 1330 1258 1372 sum-

251 1432 364 1492 moque
387 1413 514 1492 saepius
534 1413 716 1473 discrimine
737 1413 831 1474 duces
855 1414 1082 1474 Germanorum
1102 1421 1170 1476 tota
1190 1417 1256 1477 acie
1273 1431 1302 1477 10

252 1519 441 1594 insectatus,
466 1536 523 1579 neo
549 1517 765 1578 dissimulasse
788 1537 937 1596 umquam
962 1518 1131 1597 pristinum
1156 1539 1188 1581 se
1210 1522 1256 1601 rei

252 1625 394 1705 publicae
413 1630 542 1700 statum,
558 1624 744 1702 quandoque
761 1629 876 1702 posset,
890 1623 1118 1686 restituturum.
1137 1707 1140 1714 ι
1162 1627 1256 1688 Unde

251 1730 398 1791 existimo
422 1729 592 1790 nonnullos
620 1729 743 1790 tradere
767 1748 869 1805 ausos,
895 1735 1075 1808 suspectum
1099 1750 1170 1791 eum
1194 1732 1257 1791 Au-

252 1841 343 1912 gusto
366 1841 608 1912 revocatumque
632 1852 672 1894 ex
696 1834 859 1912 provincia
886 1840 918 1894 et
945 1835 1021 1912 quia
1047 1841 1255 1913 cunctaretur,

251 1940 460 2018 interceptum
482 1958 611 2000 veneno,
653 1939 742 2011 Quod
766 1939 912 2017 equidem
936 1941 1036 2016 magis
1058 1959 1098 2001 ne
1122 1948 1302 2020 praeter-15

250 2045 410 2106 mitterem
425 2045 543 2121 rettuli,
559 2063 652 2122 quam
669 2044 744 2122 quia
753 2062 863 2104 verum
877 2050 932 2106 aut
942 2045 1009 2106 veri
1021 2045 1124 2106 simile
1138 2052 1255 2126 putem,

252 2169 322 2212 cum
336 2150 498 2227 Augustus
512 2156 602 2211 tanto
621 2168 713 2228 opere
734 2155 767 2210 et
781 2149 887 2210 vivum
910 2149 1066 2228 dilexerit,
1081 2158 1117 2212 ut
1135 2151 1257 2213 cohere-

252 2257 323 2318 dem
346 2275 469 2336 semper
490 2255 568 2316 filiis
593 2255 778 2331 instituerit,
802 2255 883 2316 sicut
908 2257 1066 2334 quondam
1087 2257 1121 2317 in
1146 2263 1256 2319 senatu

217 2385 219 2388 ·
251 2362 413 2441 professus
431 2365 488 2437 est,
503 2366 536 2421 et
555 2361 741 2420 defunctum
761 2360 808 2420 ita
828 2380 884 2438 pro
905 2361 1049 2422 contione
1069 2361 1255 2438 laudaverit,

251 2472 288 2528 ut
301 2468 376 2528 deos
392 2472 537 2546 precatus
553 2466 604 2541 sit,
619 2468 734 2526 similes
747 2469 775 2525 er'
792 2465 936 2527 Caesares
950 2486 1020 2527 suos
1027 2471 1174 2544 facerent,
1189 2471 1257 2528 eibi·
1272 2481 1303 2529 20

251 2593 307 2650 que
320 2582 384 2634 tam
397 2575 553 2632 honestam
567 2574 746 2647 quandoque
760 2575 872 2632 emitum
886 2575 994 2632 dorent
1004 2592 1096 2648 qaam
1106 2576 1152 2632 illi
1162 2576 1258 2634 dedie-

251 2687 322 2739 eent.
363 2679 396 2738 N
398 2696 432 2738 ec
451 2681 616 2737 contentus
634 2676 772 2752 elogium
792 2677 914 2737 tumulo
935 2677 1002 2738 eius
1020 2678 1162 2739 versibus
1184 2697 1203 2739 a
1223 2697 1257 2740 se

251 2782 433 2862 compositis
447 2781 661 2861 insculpsisse,
676 2780 773 2843 etiam
787 2781 872 2843 vitae
891 2782 1073 2844 memoriam
1087 2803 1181 2862 prosa
1193 2803 1258 2845 ora

250 2888 337 2950 tione
351 2887 535 2966 composuit.

290 2995 342 3055 Ex
362 2993 504 3054 Antonia
526 2993 645 3054 minore
668 2993 843 3071 complures
871 2993 997 3071 quidem
1034 2994 1149 3056 liberos
1171 2995 1257 3072 tulit,
1273 3011 1304 3074 ae

250 3119 360 3162 verum
392 3104 456 3162 tres
488 3098 616 3160 omnino
649 3098 792 3176 reliquit:
833 3099 1062 3177 Germanicum,
1097 3099 1257 3177 Livillam,

251 3205 427 3268 Claudium.

218 3321 238 3374 2
291 3310 443 3373 Claudius
457 3315 611 3372 natusest
625 3308 711 3370 Iulio
724 3309 874 3386 Antonio,
886 3308 985 3371 Fabio
995 3309 1147 3371 Africano
1158 3329 1257 3373 conss.

251 3416 306 3477 Kl.
321 3417 403 3495 Aug.
418 3415 597 3494 Luguduni,
612 3435 649 3476 eo
662 3414 733 3494 ipso
751 3415 803 3475 die
819 3434 881 3493 quo
894 3416 1032 3494 primum
1057 3459 1130 3506 Bm
1140 3461 1190 3506 ano

251 3541 306 3582 ara
332 3521 377 3583 ibi
406 3522 552 3598 Augusto
579 3520 725 3581 dedicata
755 3525 813 3596 est,
842 3520 1033 3599 appellatus
1057 3532 1233 3602 οιιιιγιιῑοοῐΙ
1274 3533 1306 3581 eo

251 3646 313 3706 que
333 3626 477 3688 Tiberius
492 3625 644 3688 Claudius
663 3625 795 3686 Drusus.
838 3627 915 3686 Mox
933 3626 1032 3688 fratre
1059 3607 1196 3690 cnunc·-

252 3733 368 3794 maiore
389 3733 424 3794 in
447 3731 563 3794 Iuliam
585 3731 743 3794 familiam
764 3731 923 3812 adoptato,
949 3732 1128 3795 Germanici
1152 3751 1262 3809 cogno
