3106 4378
304 303 345 370 60
384 315 414 368 c.
437 313 595 367 sunrovv
614 313 842 377 rasuoumm
863 313 913 364 nn
932 313 1023 365 vrrs
1042 312 1246 366 cansarum

303 488 456 550 altaribus
474 485 612 562 victima,
638 486 816 548 succinctus
843 503 995 564 poparum
1015 485 1128 546 habitu
1146 486 1230 548 elato
1246 485 1310 547 alte

304 593 409 656 subito
430 592 545 653 malleo
572 591 756 653 cultrarium
784 591 943 651 mactavit.
987 591 1136 652 Lautiore
1165 591 1311 652 convivio

303 699 422 761 effusus
434 698 468 757 in
479 696 658 771 cachinnos,
670 695 862 772 oonsulibus,
874 695 928 773 qui
943 696 1034 756 iuxta
1044 697 1212 773 cubabant,
1222 696 1311 775 quid·

303 822 376 865 nam
398 802 523 877 rideret,
546 801 661 862 blande
682 801 915 878 quaerentibus,
934 800 1023 876 Quid,
1039 801 1152 879 inquit,
1167 806 1230 862 atsi
1249 822 1311 862 ano

272 926 368 972 amco
388 917 465 968 nata
486 909 620 986 iugulari
640 915 800 982 atrumque
820 915 952 966 oestrum
973 911 1075 966 statim
1101 910 1219 984 posse?
1260 908 1311 967 In·
1324 915 1362 966 ³3

302 1020 353 1074 ter
372 1013 476 1074 varios
490 1013 583 1088 iocos,
608 1031 680 1072 cum
702 1011 860 1072 adsistens
879 1011 1047 1072 simulacro
1067 1012 1153 1074 Iovis
1174 1013 1309 1091 Apellen

302 1119 486 1197 tragoedum
501 1117 711 1179 consuluisset
721 1124 792 1177 nter
806 1117 856 1176 illi
869 1117 970 1178 maior
983 1117 1153 1193 videretur,
1166 1125 1311 1180 cunctan-

303 1229 368 1284 tem
389 1223 524 1301 flagellis
545 1222 684 1299 discidit,
706 1221 899 1284 conlaudans
920 1223 1054 1284 subinde
1073 1242 1182 1284 vocem
1204 1225 1311 1302 depre

303 1329 404 1391 cantis
432 1329 523 1406 quasi
551 1328 648 1390 etiam
675 1328 710 1388 in
739 1327 860 1405 gemitu
888 1327 1096 1406 praedulcem.
1147 1313 1309 1401 'Quotiens

259 1450 288 1497 10
303 1435 411 1495 uxoris
425 1434 475 1494 vel
491 1433 645 1494 amiculae
662 1433 778 1494 collum
799 1433 1043 1508 exoscularetur,
1059 1434 1210 1494 addebat:
1234 1436 1310 1494 Tam

303 1544 381 1601 boae
402 1543 500 1600 cereta
520 1541 612 1600 derel
632 1559 668 1599 oo
689 1542 804 1598 iussero
825 1542 967 1598 demetur.
1018 1539 1102 1610 Quin
1123 1545 1155 1598 et
1177 1539 1310 1601 subinde

303 1645 449 1720 iactabat,
465 1649 682 1721 acquisiturum
697 1663 727 1703 se
742 1645 789 1703 ael
798 1645 939 1721 fidiculis
953 1647 989 1703 de
1007 1643 1157 1706 Ooesoeio
1177 1665 1242 1721 see,
1257 1664 1311 1705 ear

303 1770 371 1812 eam
384 1759 468 1810 tento
482 1769 568 1826 opere
582 1753 725 1828 diligeret.

343 1857 411 1916 Nec
433 1855 552 1914 minore
572 1854 672 1915 livore
689 1873 725 1915 ac
743 1853 941 1930 malignitate
961 1872 1057 1931 quam
1079 1855 1227 1932 superbia
1248 1874 1311 1916 sae
1323 1867 1362 1918 34

259 1972 288 2019 15
530 1959 671 2037 vitiaque
692 1977 791 2037 paene
813 1959 964 2020 adversus
985 1959 1088 2020 omnis
1116 1959 1186 2020 aevi
1214 1959 1311 2020 homi-

302 2038 493 2176 ffuffiym
529 2084 605 2124 num
627 2082 725 2140 genus
746 2070 907 2140 grassatus
929 2069 984 2124 est.
1029 2064 1156 2125 Statuas
1170 2065 1310 2125 virorum

530 2169 721 2245 inlustrium,
745 2170 785 2229 ab
808 2170 954 2244 Augusto
975 2188 1014 2229 ex
1038 2169 1219 2247 Capitolina
1239 2189 1311 2232 area

303 2282 431 2357 propter
448 2275 611 2352 angustias
628 2274 662 2333 in
681 2293 828 2352 campum
847 2274 999 2334 Martium
1016 2275 1165 2350 conlatas,
1181 2277 1228 2336 ita
1241 2276 1311 2337 sub·

304 2381 400 2442 vertit
420 2388 516 2460 atque
536 2379 664 2440 disiecit
681 2385 717 2438 ut
735 2378 861 2439 restitui
883 2379 980 2440 salvis
1000 2379 1104 2440 titulis
1124 2399 1187 2440 non
1205 2387 1311 2459 potue-

257 2501 287 2546 ao
303 2488 376 2562 rint,
382 2487 547 2563 vetuitque
554 2483 685 2562 posthac
691 2483 867 2544 viventium
878 2484 1023 2560 cuiquam
1030 2503 1162 2563 usquam
1173 2490 1309 2546 statuam

303 2598 358 2653 aut
372 2592 541 2667 imaginem
551 2589 614 2650 nisi
629 2589 774 2649 consulto
788 2595 820 2648 et
837 2595 963 2649 auctore
975 2609 1008 2650 se
1023 2585 1106 2668 poni.
1151 2590 1310 2667 Cogitavit

302 2698 399 2757 etiam
413 2697 452 2756 de
467 2695 598 2755 Homeri
620 2694 810 2755 carminibus
832 2694 1004 2770 abolendis,
1019 2715 1073 2754 cur
1084 2700 1164 2756 elsim
1178 2698 1236 2755 sibi-
1248 2715 1310 2756 noa

302 2805 397 2878 licere,
408 2802 524 2876 dicens,
535 2804 615 2876 quod
629 2802 754 2860 Platone·
765 2803 905 2876 licuisset,
917 2805 970 2877 qui
983 2805 1204 2861 enmeoioe'tate
1218 2821 1310 2877 quom

302 2910 495 2968 constituebat
517 2907 657 2966 eiecerit?
699 2905 760 2966 Sed
775 2911 808 2966 et
819 2906 941 2983 Vergili
960 2926 995 2966 ac
1014 2907 1080 2966 Titi
1100 2907 1172 2967 Livi
1191 2907 1310 2986 scripta

256 3027 286 3072 aa
302 3018 335 3073 et
356 3011 508 3088 imagines
532 3012 661 3091 paulum
684 3012 767 3073 afuit
781 3013 857 3090 quin
881 3031 920 3072 ex
941 3012 1086 3073 omnibus
1109 3012 1309 3074 bibliothecis

302 3123 469 3192 amoveret,
492 3136 624 3194 quorum
645 3117 780 3177 alterum
803 3123 841 3178 ut
862 3117 981 3179 nullius
1006 3118 1127 3196 ingenii
1152 3119 1311 3179 minimae·

302 3243 363 3302 que
382 3222 551 3298 doctrinae,
568 3223 702 3282 alterum
718 3228 753 3282 nt
767 3224 934 3284 verbosum
952 3223 986 3284 in
1001 3224 1134 3284 historia
1147 3225 1311 3302 neglegen-

264 3327 267 3334 ’
303 3333 428 3406 temque
449 3327 605 3406 carpebat.
648 3328 696 3387 De
717 3327 796 3388 iuris
818 3346 941 3406 quoque
963 3329 1126 3406 consultis,
1142 3330 1232 3406 quasi
1255 3330 1310 3391 sei-

302 3432 406 3493 entiae
426 3452 531 3492 eorum
552 3451 676 3492 omnem
696 3452 788 3494 usum
802 3433 987 3510 aboliturus,
1008 3453 1100 3513 saepe
1120 3435 1261 3511 iactavit,
1280 3455 1310 3496 se

257 3549 287 3595 ³0
302 3540 465 3598 mehercule
495 3541 666 3616 qfeetaram
687 3558 725 3597 ae
752 3542 827 3615 quid
851 3542 1028 3615 respondere
1045 3543 1166 3616 possint
1186 3550 1311 3618 praeter

302 3665 379 3705 eam.
434 3645 550 3705 Vetera
577 3644 772 3706 familiarum
805 3645 945 3723 insignia
972 3645 1170 3707 nobilissimo
1197 3647 1358 3723 cuiquest

302 3749 430 3824 ademit,
445 3751 604 3827 Torquato
625 3756 777 3827 torquem,
793 3751 981 3812 Cincinnato
1001 3751 1129 3827 crinem,
1145 3753 1199 3813 Cn.
1222 3753 1311 3811 Pom-
