3106 4378
592 280 705 330 aman
727 279 776 330 va
830 279 938 343 nnnc,
1085 343 1087 347 ¹
1206 263 1297 328 125.

264 451 407 511 omnibns
421 470 526 512 rerum
543 451 772 529 verborumque
787 451 985 512 contumeliis
1001 457 1158 512 mortuum
1173 451 1271 511 insee

262 560 348 616 tatus
371 561 429 632 est,
448 558 541 616 modo
563 556 720 617 stultitiae
738 557 831 617 modo
850 556 1000 618 saevitiae
1022 575 1175 632 arguens,
1195 574 1269 615 nam

263 666 294 720 et
312 665 429 720 morari
447 681 515 721 eum
535 664 645 721 desisse
666 665 745 721 later
763 663 898 720 homines
916 661 1069 739 producta
1087 660 1190 739 prima
1209 661 1269 740 syl·
1317 740 1319 742 v
1397 641 1408 658 ⁰

250 749 334 826 'laba
353 765 523 842 iocabatur,
546 767 707 844 multaque
728 767 855 826 decreta
880 772 912 826 et
937 766 1117 840 constituta,
1140 772 1176 826 ut
1195 766 1269 827 insi-

262 871 377 948 pientis
398 878 494 950 atquc
515 871 617 948 deliri,
637 890 693 950 pro
714 871 814 932 irritis
833 871 960 947 habuit;
984 871 1119 950 denique
1140 872 1298 933 bustumc

262 976 328 1036 cius
343 977 525 1055 consaepiri,
541 977 604 1037 nisi
617 971 735 1037 humili
746 977 872 1054 levique
887 967 1031 1053 maceria,
1046 976 1194 1053 neglexit.

301 1083 521 1143 Britannicum
544 1102 608 1142 non
632 1083 736 1143 minus
761 1082 971 1168 aemulatione
995 1083 1091 1157 vocis,
1113 1100 1193 1160 quaa
1218 1082 1268 1142 illi

261 1187 426 1248 iucundior
445 1189 643 1266 suppetebat,
661 1207 755 1266 qnam
777 1193 863 1248 metu
884 1207 925 1248 ne
946 1207 1040 1266 quan-
1149 1167 1151 1172 ⁵

261 1293 362 1370 doqnc
383 1294 467 1370 apud
487 1293 650 1354 hominurn
669 1294 800 1371 gratiam
827 1299 959 1372 paterna
979 1312 1040 1354 mo-

260 1398 359 1482 moria
368 1398 572 1476 praevaleret,
584 1417 704 1459 veneno
719 1400 885 1475 adgressus
900 1405 957 1460 est.
999 1400 1090 1470 Quod
1105 1407 1267 1478 acceptum
1284 1413 1312 1458 10

260 1522 279 1563 a
305 1504 439 1581 quadam
468 1504 613 1580 Locusta,
646 1524 837 1565 venenorum
869 1505 1024 1565 variorum
1056 1505 1167 1581 indice,
1196 1525 1267 1566 oum

178 1603 180 1610 ’
259 1608 406 1686 opinione
431 1609 553 1670 tardius
574 1609 707 1686 cederet,
727 1617 837 1671 ventre
859 1611 953 1671 modo
974 1611 1152 1672 Britannici
1172 1617 1266 1688 moto,

259 1714 441 1774 accersitam
464 1714 627 1775 mulierem
653 1735 709 1776 sua
729 1735 826 1776 manu
847 1717 1025 1776 verberavit
1046 1735 1187 1793 arguens,
1210 1736 1267 1794 pro

258 1837 379 1880 veneno
400 1820 570 1880 remedium
597 1821 722 1882 dedisse
732 1846 741 1898 5
773 1823 1007 1900 excusantique,
1031 1823 1135 1882 minus
1157 1822 1266 1882 datum

259 1925 309 2008 ad,
323 1925 541 1985 occultandam
565 1927 716 1988 facinoris
741 1927 904 2002 invidiam,
930 1928 1014 1988 Suae
1043 1927 1148 2005 inquit
1175 1931 1267 2005 lapara
1284 1943 1312 1988 15

259 2033 373 2090 Iuliam
386 2033 496 2090 timeo!
516 2029 679 2109 coegitque
698 2051 730 2092 sc
745 2051 849 2092 coram
868 2033 902 2115 in
922 2032 1066 2093 eubiculo
1085 2051 1180 2110 quam
1200 2051 1267 2111 pos-

260 2140 307 2195 set
328 2135 562 2198 velooissimum
582 2155 618 2197 ac
642 2143 902 2215 praesentaneum
927 2156 1075 2215 coquerc3
1098 2138 1212 2197 deinde
1233 2139 1267 2197 in
1293 2173 1295 2177 .

258 2240 358 2300 haedo
386 2247 542 2318 expertus,
567 2247 734 2320 postquam
765 2244 792 2303 is
821 2245 959 2321 quinque
985 2243 1078 2302 horas
1101 2243 1265 2320 protraxit,

257 2344 372 2404 iterum
390 2365 425 2406 ac
444 2346 569 2424 saepius
589 2353 746 2407 recoctum
766 2348 903 2426 porcello
924 2349 1053 2423 obiecit3
1076 2366 1139 2425 quo
1158 2348 1265 2408 statim

257 2451 443 2525 exanimato,
464 2451 578 2511 inferri
602 2452 635 2511 in
656 2453 832 2513 triclinium
854 2453 985 2531 darique
1011 2455 1137 2513 cenanti
1161 2471 1266 2513 secum
1282 2465 1312 2510 20

257 2556 626 2634 Britannicoimperavit.
662 2559 785 2618 Etcum
795 2558 1051 2642 ¹illeadprimnm
1061 2563 1188 2634 gustum
1198 2577 1267 2618 oon·

256 2661 395 2736 cidisset,
407 2662 561 2723 comitiali
576 2663 683 2723 morbo
694 2683 734 2722 ex
749 2665 975 2725 consuetudine
990 2669 1168 2741 correptum
1182 2665 1266 2741 apud

257 2767 405 2828 convivas
420 2768 599 2844 ementitus,
614 2775 741 2848 postero
754 2770 806 2830 die
819 2771 932 2848 raptim
947 2769 1029 2829 inter
1043 2768 1197 2829 maximos
1211 2769 1266 2827 im-

256 2874 326 2934 bres
341 2873 499 2933 tralaticio
513 2875 629 2935 extulit
643 2877 762 2936 funere.
806 2877 961 2936 Locustae
975 2894 1032 2952 pro
1045 2879 1161 2933 navata
1172 2893 1266 2952 opera

256 2978 478 3057 impunitatem
498 2981 688 3059 praediaque
710 2982 825 3060 ampla,
848 2981 902 3042 sed
923 2986 955 3040 et
978 2978 1150 3057 discipulos
1167 2979 1263 3039 dedit.
1282 2995 1310 3040 25

204 3096 242 3146 34
296 3086 441 3160 Matrem,
464 3086 550 3146 facta
574 3087 721 3165 dictaque
746 3108 804 3148 sua
828 3087 1045 3165 exquirentem
1070 3084 1211 3145 acerbius
1233 3091 1265 3144 ct

255 3190 471 3266 corrigentem,
487 3192 639 3253 hactenus
660 3194 762 3270 primo
782 3193 971 3270 gravabatur
988 3196 1024 3249 ut
1042 3188 1165 3249 invidia
1181 3190 1265 3250 iden-

256 3297 352 3356 tidem
371 3304 523 3372 oneraret,
539 3299 629 3377 quasi
647 3319 790 3360 cessurus
807 3300 940 3379 imperio
954 3299 1037 3359 Rho

257 3402 394 3481 dumque
419 3404 570 3480 abiturus,
596 3424 669 3464 mox
697 3411 728 3464 et
753 3406 869 3464 honore
891 3407 976 3467 omni
1004 3411 1036 3466 ct
1063 3377 1202 3514 21ζὲζῖξὲιῖ

256 3515 413 3587 potestate
440 3511 587 3588 privavit,
613 3511 810 3589 abductaque
838 3509 973 3572 militurn
1005 3517 1037 3570 et
1281 3525 1309 3570 30

258 3615 485 3675 Germanorum
514 3615 658 3690 statione,
688 3615 892 3675 contubernio
920 3634 1044 3694 quoque
1076 3635 1111 3676 ac
1140 3615 1265 3676 Palatio

258 3719 397 3798 expulit3
433 3739 534 3798 nequo
563 3720 597 3779 in
622 3721 800 3781 divexanda
825 3720 991 3799 quicquam
1020 3722 1111 3799 pensi
1143 3721 1264 3796 habuit,

1066 1253 1228 1302 Britannicus
