3078 4380
242 267 296 338 ὅ·
527 302 639 352 muna
663 302 714 354 111.
767 303 949 357 rrunmus.
1202 295 1243 359 35

236 480 392 535 tormento
415 466 638 560 distenderet,¹
669 475 758 546 Quod
781 476 844 536 nisi
867 495 938 536 eum
961 484 993 538 et
1015 498 1097 539 mors
1119 498 1243 558 praeve

236 581 335 640 nisset
355 586 386 640 et
405 579 592 658 Thrasyllus
610 575 762 656 consulto,
777 587 814 641 ut
828 581 927 657 aiunt,
943 583 1069 642 differre
1089 585 1242 660 quaedam

236 704 291 763 spe
313 685 463 761 longioris
488 685 572 744 vitae
597 685 810 764 compulisset,
836 687 941 764 plures
967 687 1131 766 aliquanto
1156 709 1243 750 neca

234 796 324 850 turus
340 809 375 850 ao
389 809 429 850 ne
444 789 575 868 reliquis
595 789 723 867 quidem
739 792 907 869 nepotibus
926 811 1075 870 parsurus
1095 795 1241 870 creditur,

235 915 305 955 cum
330 901 362 958 et
388 895 502 956 Gaium
532 901 712 973 suspectum
741 896 879 973 haberet,
905 903 937 956 et
962 899 1122 958 Tiberium
1144 905 1181 959 ut
1203 917 1273 962 exo

234 1001 391 1061 adulterio
406 1007 590 1078 conceptum
605 1007 832 1078 aspernaretur.
875 1003 943 1063 Nec
958 1003 1104 1064 abhorret
1119 1024 1138 1064 a
1152 1024 1244 1081 vero;

234 1126 370 1184 namque
386 1106 560 1166 identidem
572 1109 695 1182 felicem
716 1109 880 1166 Priamum
898 1110 1028 1184 vocabat,
1044 1112 1124 1185 quod
1142 1129 1243 1186 super-

233 1222 292 1272 stes
305 1216 442 1272 ominium
457 1231 581 1270 suorum
604 1217 767 1274 exstitisset.
1220 1211 1223 1219 '

181 1325 219 1376 63
273 1318 371 1388 Quam
388 1317 470 1377 inter
489 1316 566 1376 haec
585 1336 649 1376 non
663 1318 756 1377 modo
774 1318 896 1378 invisus
914 1337 949 1378 ao
965 1319 1170 1396 detestabilis,
1186 1321 1241 1382 sed

233 1421 452 1501 praetrepidus
477 1437 600 1498 quoque
625 1427 720 1498 atque
745 1422 841 1482 etiam
866 1423 1063 1484 contumeliis
1088 1425 1241 1486 obnoxius
1258 1439 1287 1484 10

233 1527 357 1602 vixerit,
375 1526 477 1586 multa
497 1526 614 1587 indicia
636 1533 718 1587 sunt.
763 1529 956 1605 Haruspices
980 1535 1098 1588 secreto
1116 1549 1152 1589 ac
1173 1531 1240 1591 sine

232 1633 366 1693 testibus
395 1631 516 1692 consuli
543 1633 654 1698 vetuit.
706 1633 820 1694 Vicina
843 1653 917 1692 vero
944 1633 1014 1694 urbi

232 1738 356 1798 oracula
368 1738 463 1797 etiam
473 1737 606 1797 disicere
617 1744 748 1798 conatus
764 1744 820 1814 est,
837 1739 890 1798 sed
906 1738 1013 1826 maies·
1039 1714 1234 1848 325:ssssssss

232 1849 297 1903 tate
316 1842 592 1902 Praenestinarum
617 1843 748 1924 sortium
768 1843 897 1903 territus
919 1845 1013 1904 desti·
1312 1919 1314 1925 γ

233 1949 282 2023 tit,
304 1967 376 2007 cum
390 1948 571 2024 obsignatas
591 1947 800 2024 devectasque
818 1949 952 2008 Romam
969 1969 1031 2008 non
1050 1951 1241 2028 repperisset
1257 1967 1286 2012 15

232 2053 265 2112 in
280 2072 352 2113 arca
367 2051 430 2114 nisi
445 2052 545 2112 relata
559 2073 667 2112 rursus
682 2053 722 2112 ad
736 2053 898 2131 templum.
942 2056 1051 2114 Unum
1061 2060 1092 2115 et
1107 2056 1239 2116 alterum

231 2159 420 2233 consulares,
443 2157 557 2218 oblatis
579 2158 749 2235 provinciis
771 2177 835 2217 non
855 2178 950 2219 ausus
972 2178 991 2218 a
1012 2179 1044 2219 se
1070 2160 1239 2235 dimittere,

232 2282 331 2340 usque
351 2282 387 2322 eo
408 2262 555 2338 detinuit,
574 2263 673 2323 donec
695 2282 887 2324 successores
910 2269 981 2342 post
1003 2265 1123 2342 aliquot
1142 2284 1239 2326 annos

231 2369 449 2446 praesentibus
475 2368 580 2443 daret3
602 2387 673 2427 curn
696 2367 830 2443 ,interim
854 2375 999 2429 manente
1025 2369 1117 2430 officii
1145 2370 1240 2430 titulo

231 2473 326 2533 etiam
347 2473 507 2549 delegaret
526 2472 663 2550 plurima
681 2473 815 2549 assidue,
831 2493 911 2550 quae
927 2474 976 2532 illi
995 2494 1051 2552 per
1070 2475 1188 2552 legatos
1208 2482 1240 2536 et
1255 2494 1285 2540 m

179 2585 218 2636 64
231 2579 390 2638 adiutores
411 2597 483 2638 suos
502 2579 702 2654 exsequenda
721 2585 873 2638 curarent.
917 2580 1041 2639 Nurum
1060 2599 1095 2639 ac
1110 2586 1238 2658 nepotes

231 2702 402 2761 numquam
417 2683 509 2743 alitor
524 2689 596 2762 post
616 2683 847 2744 damnationem
862 2703 957 2762 quam
976 2690 1136 2745 catenatos
1152 2685 1239 2745 obsu·
1344 2701 1353 2716 ·

231 2794 326 2866 taque
343 2788 455 2848 lectica
471 2787 540 2848 loco
555 2788 664 2864 movit,
679 2788 848 2867 prohibitis
863 2808 919 2867 per
937 2789 1069 2848 militem
1088 2789 1189 2850 obviis
1203 2809 1239 2850 ac

155 2925 159 2931 ·
230 2893 403 2954 viatoribus
418 2893 571 2970 respicere
586 2913 718 2970 usquam
735 2893 784 2952 vel
800 2895 978 2954 consistere.

179 3005 216 3055 65
244 2999 262 3036 s
272 2998 420 3058 Seianum
435 3017 483 3058 res
498 3017 596 3058 novas
611 2998 802 3074 molientem,
817 3000 961 3076 quamvis
977 2999 1039 3059 iarn
1054 3005 1087 3058 et
1100 2999 1236 3060 natalem
1254 3015 1286 3061 25

231 3103 298 3164 eius
313 3102 437 3180 publice
452 3102 602 3163 celebrari
614 3109 647 3162 et
660 3103 812 3180 imagines
824 3123 933 3164 aureas
948 3104 1009 3164 coli
1021 3104 1141 3183 passim
1155 3105 1239 3165 vide-

231 3215 287 3284 ret,
302 3209 357 3267 vix
376 3209 502 3268 tandem
519 3214 551 3267 et
570 3214 642 3268 astu
656 3208 756 3284 magis
774 3228 809 3269 ac
824 3210 897 3269 dolo
916 3228 1009 3286 quam
1111 3238 1113 3243 ·

231 3313 399 3392 principali
408 3313 594 3373 auctoritate
605 3314 768 3374 subvertit.
808 3316 889 3375 Nam
899 3315 1008 3393 primo,
1036 3289 1183 3424 {gfff

230 3426 267 3480 ut
289 3439 307 3480 a
330 3439 362 3480 se
381 3439 437 3498 per
451 3420 585 3497 speciem
604 3420 731 3481 honoris
750 3420 934 3495 dimitteret,
951 3420 1010 3480 ool·

231 3526 333 3602 legam
356 3525 418 3585 sibi
440 3526 618 3603 adsumpsit
643 3527 677 3585 in
700 3526 811 3603 quinto
832 3525 1006 3603 consulatu,
1030 3547 1123 3605 quem
1144 3527 1238 3607 longo
1253 3547 1283 3592 m

232 3631 399 3690 intervallo
422 3631 534 3692 absens
557 3632 596 3690 ob
621 3633 654 3690 id
678 3634 781 3710 ipsum
808 3639 995 3711 susceperat.
1039 3634 1161 3694 Deinde
1182 3654 1237 3712 spe

147 3795 150 3799 .
231 3735 394 3798 affinitatis
409 3754 444 3796 ac
458 3736 646 3798 tribuniciae
660 3738 827 3816 potestatis
841 3739 1008 3818 deceptum
1022 3739 1236 3820 inopinantem
