3078 4380
552 316 664 367 amna
688 316 738 367 nr„
791 315 972 368 rmnnms
1225 301 1265 367 27

205 481 247 544 ‘50
301 488 416 549 Odium
428 489 578 550 adversus
589 490 838 550 necessitudines
854 489 886 548 in
898 491 1003 549 Druso
1016 489 1153 567 primum
1167 489 1265 548 fratre

261 593 382 652 detexit
397 593 537 672 (prodita
554 593 621 654 eius
641 594 787 672 epistula,
803 601 985 672 qna'seoum
1002 595 1041 653 de
1067 591 1161 694 Μὰ
1171 647 1220 693 ane

260 699 398 773 cogendo
412 699 452 758 ad
467 699 696 759 restituendam
708 699 885 760 libertatern
897 698 1041 775 Augusto
1067 721 1166 779 cruelty

260 803 385 883 agebat)
402 803 516 864 deinde
539 809 571 864 et
593 805 627 862 in
648 804 789 881 reliquis.
832 803 933 864 Iuliae
950 805 1042 862 uxori
1067 796 1165 880 l⁰W²fl

260 913 384 967 tantum
410 909 493 968 afuit
520 915 556 986 ut
581 909 745 985 relegatae,
767 910 850 987 quod
877 909 1041 968 minimum
1066 870 1189 916 mmm
1281 926 1296 970 5

260 1017 316 1087 est,
332 1013 426 1072 officii
446 1020 502 1073 aut
522 1014 730 1074 humanitatis
752 1013 874 1090 aliquid
894 1013 1079 1090 impertiret,
1094 1020 1131 1073 nt
1145 1032 1184 1072 ex
1197 1032 1266 1073 con-

152 1141 155 1146 ·
260 1118 425 1178 stitutione
439 1119 539 1196 patris
555 1138 617 1178 uno
631 1119 747 1197 oppido
762 1119 900 1179 clausam
915 1119 1006 1178 domo
1022 1137 1143 1195 quoque
1158 1118 1266 1194 egredi

260 1228 292 1283 et
306 1223 490 1282 commercio
504 1223 667 1283 hominum
684 1224 749 1283 frui
767 1224 917 1299 vetuerit;
941 1224 996 1284 sed
1013 1229 1045 1283 et
1060 1224 1183 1301 peculio
1198 1243 1266 1284 con-

260 1345 346 1387 cesso
366 1347 385 1387 a
403 1334 493 1405 patre
511 1328 725 1406 praebitisque
742 1330 856 1389 annuis
875 1329 1045 1403 fraudavit,
1061 1347 1116 1406 per
1130 1328 1265 1406 speciem

260 1432 378 1509 publici
406 1433 493 1507 iuris,
522 1435 606 1510 quod
634 1434 715 1493 nihil
743 1434 781 1493 de
809 1432 860 1494 his
889 1434 1052 1509 Augustus
1077 1439 1265 1495 testamento
1282 1447 1311 1492 10
1377 1493 1382 1503 ⁴

260 1537 403 1597 cavisset.
460 1539 596 1597 Matrem
624 1538 749 1598 Liviam
778 1544 925 1614 gravatus
953 1539 1043 1598 velut
1069 1545 1176 1616 partes
1204 1539 1266 1600 sibi

260 1661 375 1719 aequas
400 1644 560 1721 potentiae
584 1643 806 1718 vindicantem,
827 1650 859 1704 et
883 1662 1083 1719 congressum
1106 1644 1174 1704 eius
1191 1645 1265 1705 assi-

260 1747 356 1806 duum
379 1748 495 1808 vitavit
518 1754 550 1809 et
574 1748 731 1824 longiores
760 1749 1005 1826 secretioresque
1034 1767 1200 1824 sermones,
1225 1768 1264 1809 ne

260 1852 410 1926 consiliis,
426 1853 540 1930 quibus
558 1860 664 1913 tamen
684 1854 844 1912 interdum
862 1860 895 1912 et
910 1872 999 1929 egere
1017 1860 1049 1913 et
1067 1855 1115 1913 uti
1136 1853 1263 1929 solebat,

260 1957 325 2032 regi
340 1957 508 2017 videretur.
550 1959 640 2018 Tulit
653 1959 749 2018 etiarn
767 1959 952 2037 perindigne
975 1965 1079 2018 actum
1095 1958 1129 2017 in
1143 1964 1263 2034 senatu,
1282 1975 1310 2020 15

259 2067 295 2120 ut
319 2062 424 2122 titulis
450 2063 515 2123 suis
544 2064 635 2141 quasi
660 2063 808 2139 Augusti,
833 2064 880 2123 ita
903 2069 936 2123 et
960 2065 1069 2123 Liuiae
1088 2067 1177 2140 filios
1201 2064 1265 2124 adi-

259 2173 388 2226 ceretur.
443 2169 559 2238 ‚Quare
603 2188 665 2228 non
712 2177 870 2244 parentem
916 2173 1038 2244 patriae
1064 2195 1220 2243 nismosner

259 2272 421 2350 appellari,
456 2293 520 2332 non
557 2273 658 2333 ullum
698 2274 853 2348 insignem
888 2273 1037 2332 honorem
1064 2271 1137 2317 Μ

259 2378 396 2455 recipere
431 2378 555 2457 publice
590 2397 701 2456 passus
737 2385 802 2454 est3
846 2379 901 2438 sed
935 2384 967 2438 et
1001 2379 1183 2455 frequenter
1214 2380 1264 2439 ad-

259 2483 389 2558 monuit,
418 2483 588 2542 maioribus
620 2502 676 2542 neo
710 2484 848 2542 feminae
882 2483 1141 2543 convenientibus
1174 2503 1265 2559 nego
1279 2498 1310 2543 ac

258 2587 313 2648 tiis
350 2587 531 2674 abstineret,
568 2588 735 2666 praecipue
772 2593 810 2648 ut
847 2588 1080 2664 animadvertit,
1118 2589 1263 2648 incendio

259 2692 349 2752 iuxta
362 2693 470 2752 aedem
485 2694 599 2754 Vestae
616 2699 648 2752 et
668 2693 769 2771 ipsam
783 2693 989 2753 intervenisse
1004 2693 1216 2771 populumque
1231 2700 1263 2754 et

258 2798 386 2874 milites,
401 2817 463 2876 quo
480 2798 605 2858 enixius
622 2817 713 2876 opem
734 2799 864 2873 ferrent,
883 2798 1091 2874 adhortatam,
1108 2799 1189 2859 sicut
1205 2800 1264 2860 sub

206 2913 242 2962 51
258 2903 370 2962 marito
395 2903 489 2963 solita
513 2909 603 2964 esset.
647 2903 770 2963 Dehine
795 2905 835 2963 ad
860 2904 1051 2963 simultatem
1077 2923 1177 2982 usque
1196 2924 1264 2983 pro

258 3007 352 3068 cessit
379 3008 447 3082 hac,
477 3014 512 3068 ut
541 3010 656 3083 ferunt,
686 3010 725 3068 de
752 3027 853 3070 causa.
896 3010 1036 3069 Instanti
1065 3010 1198 3089 saepius,
1226 3016 1263 3069 nt
1280 3028 1308 3072 25

257 3114 386 3175 civitate
412 3115 562 3175 donatum
587 3115 620 3173 in
645 3116 788 3176 decurias
810 3115 979 3191 adlegeret,
1002 3116 1132 3192 negavit
1152 3115 1215 3175 alia
1229 3134 1262 3176 se

257 3220 438 3281 condicione
463 3220 668 3293 adiecturum,
695 3240 787 3299 quam
813 3222 840 3282 si
863 3227 1023 3299 pateretur
1041 3218 1160 3281 ‚ascribi
1181 3220 1261 3296 albo,

257 3337 403 3387 emortum
416 3331 450 3387 id
468 3330 527 3386 sibl
540 3347 560 3386 o
574 3335 696 3393 mone..
721 3327 766 3386 At
786 3326 842 3386 illa
861 3332 1154 3386 commotaveteres
1173 3345 1263 3403 quos-

257 3430 329 3490 dam
344 3432 384 3491 ad
399 3451 432 3492 se
449 3431 585 3507 Augusti
604 3430 764 3491 codicillos
780 3432 818 3490 de
833 3432 1000 3492 acerbitate
1015 3437 1047 3491 et
1061 3431 1263 3491 intolerantia

257 3555 377 3596 morum
402 3536 470 3596 eius
495 3556 512 3596 e
534 3536 669 3596 sacrario
691 3536 825 3614 protulit
840 3542 934 3614 atque
949 3536 1103 3596 recitavit.
1145 3538 1214 3596 Hos
1229 3541 1261 3596 et
1279 3552 1308 3596 eo

256 3641 429 3702 custoditos
464 3646 531 3701 tam
565 3640 621 3700 diu
653 3647 684 3700 et
717 3641 920 3719 exprobratos
948 3647 1014 3702 tam
1040 3642 1157 3702 infeste
1184 3643 1262 3702 adeo

257 3747 393 3822 graviter
415 3745 500 3821 tulit,
524 3751 560 3806 ut
582 3745 711 3823 quidam
733 3751 855 3824 putent,
880 3747 963 3806 inter
987 3765 1097 3808 causas
1122 3765 1261 3808 secessus
