3106 4378
581 303 692 352 arnna
715 302 764 351 vr.
818 301 924 352 uaso.
1195 288 1258 354 115

292 476 397 536 Multa
419 475 477 536 sub
501 493 537 534 eo
560 480 592 534 et
615 473 833 535 animadversa
855 493 961 534 severe
984 479 1016 534 et
1039 473 1182 550 coercita,
1204 492 1260 534 nec

252 583 357 641 minus
380 580 544 640 instituta:
574 579 736 639 adhibitus
760 579 938 658 sumptibus
962 579 1091 656 modus;
1117 578 1260 657 publicae

251 705 345 746 cenae
360 686 401 746 ad
416 684 573 763 sportulas
590 685 752 760 redactae,
775 684 978 744 interdictum
992 703 1032 743 ne
1180 762 1185 772 ¹

252 792 328 869 quid
351 791 384 850 in
403 789 530 869 popinis
551 789 632 849 cocti
653 796 776 867 praeter
797 789 957 865 legumina
978 795 1033 848 aut
1058 747 1218 882 3:335„

251 897 359 957 holera
368 896 500 970 veniret,
513 914 582 954 curn
595 900 689 954 antea
699 893 823 954 nullum
831 913 897 953 non
911 894 1033 954 obsonii
1059 895 1085 982 οξ
1094 897 1139 943 tna
1150 896 1233 943 cnn's-
1276 915 1291 960 5

251 1021 349 1078 genus
363 1005 606 1079 proponeretur3
627 999 735 1059 afflicti
751 999 916 1077 suppliciis
931 998 1035 1060 Chris·
1058 973 1129 1020 ωε

216 1137 218 1142 ·
251 1107 340 1182 tiani,
356 1125 453 1182 genus
468 1105 631 1165 hominum
655 1087 889 1183 superstitionis
911 1124 1009 1170 novae
1030 1123 1066 1164 ac
1083 1104 1259 1181 maleficae;

251 1212 345 1273 vetiti
367 1211 640 1288 quadrigariorum
665 1209 761 1283 lusus,
786 1209 901 1287 quibus
930 1209 1106 1270 inveterata
1133 1196 1262 1271 licentia

251 1317 370 1395 passim
386 1301 574 1392 vagantibus
596 1315 708 1374 fallere
730 1334 766 1375 ac
787 1314 888 1375 furari
909 1334 965 1393 per
986 1315 1088 1374 iocum
1108 1314 1156 1375 ius
1176 1321 1259 1391 erat3

252 1421 515 1500 pantomimorum
550 1421 706 1481 factiones
738 1438 809 1479 curn
844 1419 923 1497 ipsis
959 1420 1054 1480 simul
1089 1419 1307 1496 relegatae310

200 1535 236 1589 17
251 1528 402 1587 adversus
417 1525 564 1586 falsarios
579 1532 656 1585 tunc
670 1526 807 1604 primum
821 1531 988 1603 repertum,
1004 1545 1043 1585 ne
1058 1526 1185 1586 tabulae
1200 1526 1261 1586 nisi
1287 1607 1288 1612 η

252 1637 397 1710 pertusae
412 1650 447 1691 ac
462 1636 510 1690 ter
524 1631 591 1689 lino
604 1649 661 1708 per
680 1629 837 1690 foramina
855 1630 987 1690 traiecto
1006 1630 1260 1708 obsignarentur3

252 1744 380 1798 cautum
405 1741 440 1795 ut
468 1735 669 1796 testamentis
696 1735 817 1813 primae
845 1735 924 1794 duae
953 1754 1050 1811 cerae,
1075 1742 1260 1796 testatorum

252 1842 344 1902 modo
363 1841 489 1900 nomine
507 1841 668 1918 inscript0,
684 1859 801 1900 vacuae
821 1839 992 1916 signaturis
1013 1842 1260 1918 ostenderentur,

221 1978 224 1984 ·
252 1967 288 2008 ao
311 1966 351 2006 ne
374 1946 429 2024 qui
449 1946 546 2005 alieni
567 1945 749 2006 testamenti
773 1946 906 2023 scriptor
928 1945 1066 2023 legatum
1089 1946 1150 2007 sibi
1171 1948 1261 2008 ascri·
1279 1960 1306 2004 15

251 2053 351 2127 beret,
370 2051 447 2112 item
459 2056 495 2110 ut
505 2051 681 2126 litigatores
692 2070 749 2128 pro
761 2050 943 2128 patrociniis
955 2057 1072 2111 certam
1084 2052 1261 2130 iustamque

253 2157 435 2232 mercedem,
448 2175 504 2234 pro
516 2155 676 2216 subselliis
691 2155 811 2216 nullam
823 2157 950 2215 omnino
960 2156 1081 2231 darent,
1093 2158 1261 2235 praebente

253 2262 373 2323 aerario
391 2261 548 2338 gratuita,
570 2267 668 2337 utque
688 2279 791 2320 rerum
810 2266 883 2319 actu
903 2261 942 2322 ab
961 2261 1081 2321 aerario
1096 2280 1206 2322 causae
1221 2263 1261 2322 ad

252 2370 356 2428 forum
372 2386 407 2427 ac
422 2367 646 2444 reciperatores
664 2366 921 2440 transferrentur,
937 2371 969 2425 et
983 2372 1019 2425 ut
1033 2385 1138 2426 omnes
1158 2367 1262 2446 appel·
1324 2383 1336 2487 l
1374 2353 1394 2438 ἓ

187 2529 213 2584 s
252 2473 386 2533 lationes
402 2471 591 2532 aiudicibus
607 2470 647 2530 ad
663 2477 806 2531 senatum
820 2471 940 2530 fierent.
1277 2481 1307 2526 no

203 2593 239 2644 18
293 2577 441 2654 Augendi
462 2576 721 2655 propagandique
743 2575 868 2653 imperii
890 2595 991 2652 neque
1009 2577 1172 2637 voluntate
1195 2577 1260 2638 ulla

253 2703 355 2762 neque
376 2702 432 2760 spe
452 2686 557 2741 motus
578 2699 737 2757 umquam,
754 2680 848 2740 etiam
871 2659 909 2740 ex
927 2680 1094 2741 Britannia
1108 2682 1260 2742 deducere

253 2789 428 2849 exercitum
451 2787 613 2863 cogitavit,
635 2805 693 2846 nec
717 2785 781 2846 nisi
805 2785 1002 2861 verecundia,
1024 2806 1064 2846 ne
1087 2788 1260 2847 obtrectare

253 2893 395 2972 parentis
417 2893 534 2969 gloriae
548 2891 717 2966 videretur,
734 2890 866 2951 destitit.
909 2891 1006 2950 Ponti
1024 2892 1116 2951 modo
1130 2911 1260 2968 regnum

254 2998 443 3058 concedente
464 2997 641 3072 Polemone,
665 2997 741 3055 item
765 2995 898 3073 Alpium
923 2996 1072 3055 defuncto
1097 2997 1203 3058 Cottio
1227 2999 1262 3057 in
1277 3011 1307 3055 25

255 3103 436 3188 provinciae
458 3103 592 3162 formam
614 3101 743 3179 redegit.

204 3220 241 3270 19
295 3207 568 3286 Peregrinationes
591 3208 669 3267 duas
692 3206 819 3266 omniuo
842 3207 989 3285 suscepit,
1011 3207 1260 3269 Alexandrinam

256 3321 287 3376 et
304 3314 492 3389 Achaicam3
517 3313 572 3374 sed
592 3312 811 3372 Alexandrina
830 3312 900 3390 ipso
919 3312 1038 3391 profec
1175 3379 1180 3390 ¹

255 3420 351 3481 sons
373 3419 424 3480 ue
445 3418 580 3493 sesua,
601 3418 746 3478 turbatus
769 3417 918 3493 rengione
942 3418 1037 3479 simu
1062 3377 1103 3478 ³¹.
1119 3378 1227 3491 futu.

256 3532 291 3586 a'o
305 3524 453 3604 periculo.
495 3524 580 3583 Nam
594 3542 664 3583 cum
679 3522 853 3583 circumitis
867 3523 995 3602 templis
1011 3524 1044 3583 in
1058 3525 1135 3584 aede
1145 3525 1261 3584 Vestae
1277 3535 1306 3579 ao

256 3631 434 3706 resedisset,
446 3628 647 3704 consurgenti
659 3627 688 3687 ei
703 3628 840 3706 primum
854 3627 971 3688 lacinia
981 3629 1135 3705 obhaesit,
1147 3630 1260 3690 deinde

255 3741 346 3796 tanta
373 3735 483 3794 oborta
510 3733 610 3809 caligo
637 3738 694 3807 est,
721 3738 756 3791 ut
785 3733 938 3811 dispicere
965 3753 1028 3794 non
1055 3740 1170 3812 posset.
1198 3725 1260 3794 'In
