3106 4378
283 287 324 350 90
359 299 387 350 o.
415 300 570 351 suarem
593 301 821 364 resnoumm
844 303 895 352 rm
916 304 1006 354 vrrs
1031 305 1233 356 causarum
1285 292 1287 296 '

281 471 336 530 ubi
351 477 513 548 praeterea
527 492 618 532 nemo
639 480 711 533 ante
731 494 810 533 eum.
854 476 959 535 Ludos
977 477 1184 537 dedicationis
1201 479 1290 537 Pom-

282 576 387 653 peiani
412 577 538 652 theatri,
563 579 646 654 quod
672 579 850 639 ambustum
877 580 1067 655 restituerat,
1093 600 1110 640 e
1139 582 1289 642 tribunali

508 683 611 760 posito
624 683 658 741 in
673 682 832 744 orchestra
846 686 1011 760 commisit,
1027 705 1097 744 cum
1108 687 1195 765 prius
1207 690 1290 766 apud

281 761 429 894 {33:32}
508 787 683 888 superiores
693 789 786 848 aedes
797 789 1014 868 supplicasset,
1027 811 1144 868 perque
1156 794 1290 853 mediam

250 913 265 958 s
344 924 347 930 ,
508 911 643 967 caveam,
677 894 859 954 sedentibus
886 915 921 955 ac
955 896 1121 958 silentibus
1158 901 1290 975 cunctis,

282 999 504 1058 descendisset.
547 999 636 1058 Fecit
661 1005 693 1058 et
715 998 904 1074 Saeculares,
928 1003 1019 1079 quasi
1040 1003 1230 1082 anticipatos
1252 1006 1291 1065 ab

282 1104 428 1181 Augusto
450 1122 507 1163 nec
530 1103 672 1180 legitimo
694 1105 829 1183 tempori
852 1112 1036 1183 reservatos,
1055 1109 1199 1184 quamvis
1223 1111 1290 1188 ipse

281 1209 316 1268 in
332 1209 475 1269 historiis
491 1209 557 1270 suis
572 1210 693 1287 prodat,
710 1211 907 1272 intermissos
927 1231 979 1272 eos
996 1212 1177 1289 Augustum
1191 1216 1292 1276 multo

211 1388 212 1392 Ἰ
282 1319 362 1392 post,
384 1314 627 1392 diligentissime
649 1334 802 1375 annorum
830 1317 951 1377 ratione
974 1319 1135 1394 subducta,
1157 1321 1191 1378 in
1213 1321 1293 1380 ordi-

238 1436 267 1480 10
282 1439 353 1480 nem
375 1420 541 1496 redegisse.
583 1420 685 1491 Quare
706 1441 764 1481 vox
786 1423 948 1501 praeconis
971 1424 1064 1484 irrisa
1082 1430 1139 1500 est,
1157 1425 1292 1486 invitan-

282 1526 325 1585 tis
346 1544 431 1584 more
448 1524 594 1585 sollemni
612 1527 654 1586 ad
674 1527 775 1603 ludos,
791 1549 866 1604 qaas
885 1549 938 1588 aec
955 1539 1112 1605 spectasset
1132 1535 1292 1607 qaisquam

282 1651 334 1691 aec
353 1640 539 1707 spectataras
560 1642 641 1708 esset,
661 1651 732 1692 cum
755 1641 954 1712 superessent
976 1635 1077 1695 adhuc
1099 1635 1153 1713 qui
1175 1642 1292 1713 specta-

283 1743 403 1812 verant,
419 1737 594 1814 etquidem
611 1738 803 1798 histrionum
821 1741 966 1818 producti
981 1741 1055 1800 olim
1074 1747 1149 1801 tunc
1167 1760 1291 1819 quoque

282 1844 534 1920 producerentur.
579 1843 740 1904 Circenses
764 1844 947 1922 frequenter
968 1847 1061 1905 etiam
1082 1847 1117 1904 in
1137 1847 1291 1908 Vaticano

237 1961 266 2005 15
281 1950 448 2024 commisit,
458 1968 694 2028 nonnumquam
706 1950 872 2010 interiecta
882 1970 938 2028 per
948 1951 1060 2028 quinos
1076 1952 1191 2012 missus
1200 1971 1292 2011 vena-

282 2054 375 2114 tione.
418 2055 508 2115 Circo
525 2075 598 2114 vero
613 2057 754 2114 Maximo
775 2057 956 2116 marmoreis
971 2057 1146 2117 carceribus
1161 2058 1291 2117 auratis-

282 2177 342 2236 que
357 2161 459 2236 metis,
474 2180 554 2238 quae
569 2167 702 2237 utraque
717 2167 748 2221 et
762 2161 862 2221 tofina
877 2181 912 2221 ac
927 2162 1032 2237 lignea
1046 2169 1138 2222 antea
1152 2163 1288 2238 fuerant,

281 2266 415 2341 exculte,
444 2267 571 2344 propria
600 2267 797 2327 senatoribus
826 2267 991 2327 constituit
1018 2267 1087 2327 loca
1114 2269 1289 2345 promiscue

281 2378 422 2449 spectare
437 2371 558 2446 solitis;
582 2390 617 2431 ac
633 2390 726 2449 super
747 2372 968 2448 quadrigarum
988 2373 1160 2432 certamina
1177 2373 1289 2432 Troiae

234 2485 264 2529 20
281 2476 384 2537 lusum
406 2477 551 2537 exhibuit
570 2483 602 2536 et
625 2478 802 2552 Africanae,
819 2478 1002 2538 conficiente
1021 2483 1126 2538 turma
1146 2478 1288 2555 equitum

280 2583 557 2660 praetorianorum,
589 2583 722 2658 ducibus
762 2583 899 2642 tribunis
940 2583 1071 2661 ipsoque
1110 2584 1286 2660 pracfect0;

280 2695 441 2765 praeterea
461 2688 628 2748 Thessalos
654 2688 785 2765 equites,
808 2689 863 2765 qui
882 2689 966 2748 feros
984 2694 1091 2748 tauros
1111 2707 1166 2765 per
1185 2689 1288 2766 spatia

279 2793 354 2853 circi
375 2800 473 2870 agunt
494 2793 703 2870 insiliuntque
726 2793 867 2854 defessos
890 2800 921 2853 et
946 2794 985 2853 ad
1008 2799 1125 2853 terram
1141 2793 1286 2855 cornibus
1371 2821 1372 2824 ¹

279 2899 457 2959 detrahunt.

233 3012 262 3058 25
320 3003 516 3064 Gladiatoria
527 3024 657 3064 munera
667 3004 867 3083 plurifariam
879 3023 914 3065 ac
926 2995 1116 3082 multiplicia
1127 3003 1284 3064 exhibuit:

278 3109 528 3169 anniversarium
549 3109 582 3169 in
602 3110 714 3170 castris
734 3111 941 3187 praetorianis
962 3110 1029 3170 sine
1047 3111 1215 3169 venatione
1235 3129 1286 3188 ap

278 3221 460 3292 paratuque,
483 3216 601 3275 iustum
624 3197 718 3292 atque
740 3215 917 3292 legitimum
936 3216 970 3274 in
993 3215 1134 3292 Saeptis3
1167 3215 1284 3275 ibidem

277 3320 560 3380 extraordinarium
576 3326 608 3380 et
624 3321 719 3380 breve
740 3320 924 3397 dierumque
944 3339 1122 3398 paucorum,
1139 3321 1283 3398 quodque

277 3425 436 3503 appellare
447 3426 550 3503 coepit
565 3427 741 3502 sportulam,
751 3425 826 3503 quia
840 3426 976 3503 primum
988 3426 1119 3485 daturus
1131 3425 1282 3502 edixerat,

231 3541 260 3586 30
276 3533 355 3590 celat
375 3534 416 3590 ad
436 3534 567 3590 subitam
589 3534 812 3606 condictamque
834 3533 969 3590 certatam
992 3535 1120 3590 tacitam
1138 3551 1168 3592 ae
1188 3551 1284 3607 popm

276 3639 346 3696 tam.
382 3636 450 3696 Nec
459 3635 525 3696 ullo
540 3636 711 3713 spectaculi
723 3655 834 3713 genere
850 3637 1108 3696 communierant
1122 3635 1282 3697 remissior

276 3747 352 3816 erat,
374 3742 451 3802 adeo
470 3747 507 3801 ut
531 3742 652 3801 oblatos
675 3741 846 3802 victoribus
869 3761 978 3802 aureos
1004 3740 1128 3819 prolata
1153 3742 1284 3805 sinistra
