3078 4380
302 286 344 364 '12
377 312 408 365 c.
434 311 591 364 scnrour
612 313 841 377 rnnuoumnr
863 313 914 363 nn
934 313 1025 363 vrrs
1048 312 1251 364 censensu

300 484 348 545 Ac
374 486 626 564 perseverantiae
653 488 771 564 grande
797 487 935 565 pretinm
959 486 1043 564 tulit,
1068 492 1136 547 toto
1163 486 1303 566 Illyrico,

300 591 384 668 quod
404 590 488 651 inter
509 591 637 652 ltaliam
654 610 847 671 regnumque
866 592 1019 652 Noricum
1039 596 1071 652 et
1090 592 1258 652 Thraciam
1272 598 1305 652 et

300 696 516 757 Macedoniam
538 696 682 774 interque
703 697 883 758 Danubium
902 696 1019 756 flumen
1037 703 1069 757 et
1086 697 1190 758 sinum
1208 697 1303 758 maris

298 801 479 862 Hadriatici
498 806 595 880 patet,
610 802 785 880 perdomito
799 807 830 861 et
850 802 884 862 in
897 801 1052 862 dicionem
1066 803 1200 862 redacto.
1244 803 1303 864 Oui
1318 815 1354 867 17

267 917 283 961 o
298 906 417 983 gloriae
431 907 564 986 amplior
581 907 684 968 adhuc
698 926 737 967 ex
751 906 987 985 opportunitate
1001 908 1146 968 cumulus
1161 909 1301 969 accessit.

297 1012 381 1072 Nam
393 1013 451 1072 sub
462 1012 495 1071 id
506 1011 572 1072 fere
583 1017 707 1090 tempus
717 1011 890 1082 Quintilius
901 1012 1005 1073 Varus
1016 1031 1086 1072 cum
1097 1013 1201 1074 tribus
1211 1013 1303 1089 legio

297 1117 391 1177 nibus
405 1116 438 1176 in
453 1117 624 1178 Germania
639 1116 743 1195 periit,
758 1117 883 1177 nemine
896 1117 1061 1178 dubitante
1076 1118 1153 1194 quin
1167 1118 1302 1180 victores

299 1222 448 1283 Germani
469 1221 607 1282 iuncturi
627 1240 661 1282 se
681 1221 854 1282 Pannoniis
876 1221 1004 1296 fuerint,
1025 1222 1089 1283 nisi
1111 1223 1302 1284 debellatum

297 1403 391 1451 Honor·
523 1327 611 1406 prius
620 1327 786 1405 Illyricum
796 1333 887 1388 esset.
920 1328 1004 1398 Quas
1016 1327 1055 1388 ob
1064 1346 1113 1388 res
1122 1328 1302 1407 triumphus

254 1445 282 1490 10
297 1476 424 1525 amomi
523 1433 552 1492 ei
573 1433 717 1492 decretus
737 1437 795 1508 est,
811 1431 965 1509 multique
982 1438 1015 1492 et
1033 1433 1139 1508 magni
1159 1434 1300 1496 honores.

523 1538 719 1599 Gensuerunt
729 1537 825 1597 etiam
835 1537 965 1614 quidam
975 1543 1011 1597 ut
1024 1538 1234 1616 Pannonicus,
1246 1540 1302 1600 alii

297 1649 333 1702 ut
353 1643 507 1718 Invictus,
529 1642 673 1702 nonnulli
698 1648 734 1702 ut
756 1642 834 1702 Pius
858 1643 1135 1718 cognominaretur.
1180 1645 1242 1704 Sed
1264 1645 1303 1705 de

297 1748 479 1824 cognomine
498 1747 679 1808 intercessit
698 1747 871 1824 Augustus
887 1766 924 1808 eo
940 1753 1122 1808 contentum
1142 1751 1304 1827 repremit

297 1859 377 1928 tens,
395 1853 479 1930 quod
501 1871 533 1912 se
554 1852 706 1912 defuncto
731 1858 934 1930 suscepturus
959 1858 1050 1912 esset.
1094 1853 1301 1932 Triumphum

253 1973 281 2017 15
296 1959 364 2036 ipse
378 1957 512 2034 distulit,
527 1963 647 2018 maesta
661 1957 790 2017 civitate
805 1957 893 2018 clade
907 1958 1061 2034 Variana3
1083 1958 1184 2018 nihilo
1197 1959 1303 2020 minus

296 2064 405 2123 urbem
420 2069 636 2142 praetextatus
651 2068 683 2122 et
699 2063 806 2123 laurea
820 2069 987 2124 coronatus
1006 2063 1139 2124 intravit
1153 2065 1303 2142 positum-

297 2188 357 2246 que
381 2168 416 2228 in
440 2168 563 2246 Saeptis
587 2166 737 2243 tribunal,
759 2173 871 2228 senatu
896 2174 1028 2245 astante,
1050 2170 1241 2246 conscendit,
1267 2189 1303 2231 ac

297 2274 418 2334 medius
444 2273 525 2332 inter
549 2273 628 2333 duos
652 2272 796 2333 consules
821 2291 893 2332 cum
915 2273 1060 2348 Augusto
1082 2273 1176 2334 simul
1202 2275 1301 2351 sedit3

297 2380 388 2454 unde,
410 2377 526 2457 populo
551 2357 757 2453 consalutato,
781 2377 899 2437 circum
923 2378 1043 2456 templa
1067 2378 1219 2440 deductus
1244 2385 1301 2441 est.

251 2495 281 2540 ac
336 2484 485 2543 Proximo
502 2501 584 2544 anno
601 2483 737 2560 repetita
755 2483 933 2558 Germania,
947 2501 1018 2542 cum
1038 2483 1302 2545 animadverteret
1314 2493 1354 2543 *18

296 2631 391 2679 sm
401 2643 467 2678 m,
519 2588 690 2650 Varianam
710 2588 833 2648 cladem
853 2588 1032 2648 temeritate
1052 2595 1084 2648 et
1104 2589 1304 2666 neglegentia

296 2705 481 2765 pergamen·
520 2693 610 2754 ducis
635 2693 795 2769 accidisse,
820 2692 903 2751 nihil
929 2712 990 2752 non
1020 2695 1059 2753 de
1084 2692 1208 2754 consilii
1237 2715 1303 2756 sen·

295 2791 373 2840 Μ’
520 2799 623 2860 tentia
645 2798 728 2875 egit;
762 2816 884 2876 semper
908 2797 987 2859 alias
1012 2799 1062 2859 sui
1087 2800 1210 2860 arbitrii
1234 2820 1303 2861 con-

295 2911 465 2983 tentusque
495 2923 529 2966 se
564 2923 635 2980 uno,
667 2910 743 2964 tunc
779 2910 905 2982 praeter
939 2905 1198 2965 consuetudinem
1231 2925 1302 2966 cum

250 3025 280 3071 25
297 3010 508 3089 compluribus
523 3010 563 3069 de
577 3009 698 3070 ratione
712 3008 789 3069 belli
803 3009 1056 3070 communicavit.
1101 3010 1215 3071 Curam
1230 3031 1303 3089 quo-

296 3135 357 3193 que
379 3115 473 3176 solito
497 3109 683 3175 exactiorem
710 3114 880 3192 praestitit.
929 3114 1130 3176 Traiecturus
1155 3117 1302 3176 Rhenum

296 3226 502 3281 commeatum
525 3238 646 3279 omnem
667 3220 707 3279 ad
728 3226 847 3280 certam
866 3219 1035 3280 formulam
1055 3221 1220 3281 astrictum
1239 3241 1303 3282 non

297 3331 369 3386 ante
383 3325 569 3401 transmisit,
584 3344 678 3402 quam
696 3323 871 3385 consistens
889 3325 973 3402 apud
991 3325 1093 3404 ripam
1109 3327 1303 3405 explorasset

297 3430 511 3492 vehiculorum
523 3449 626 3506 onera,
638 3450 677 3490 ne
688 3449 751 3508 qua
762 3430 1001 3508 deportarentur
1012 3432 1076 3492 nisi
1090 3451 1238 3494 concessa
1248 3439 1304 3494 aut

252 3549 281 3594 ao
296 3536 479 3597 necessaria.
510 3537 610 3596 Trans
621 3536 769 3595 Rhenum
777 3553 852 3595 vero
864 3554 935 3595 eum
944 3536 1028 3596 vitae
1038 3537 1177 3598 ordinem
1189 3539 1303 3615 tenuit,

296 3648 333 3702 ut
362 3642 472 3702 sedens
497 3641 531 3700 in
555 3640 693 3720 caespite
714 3641 800 3700 nudo
827 3639 931 3700 cibum
959 3648 1093 3719 caperet,
1118 3662 1211 3721 saepe
1237 3645 1304 3705 sine

291 3746 432 3808 tentorio
454 3751 660 3824 pernoctaret,
680 3750 848 3823 praecepta
868 3745 1029 3822 sequentis
1051 3745 1115 3806 diei
1134 3749 1240 3809 omnia
1259 3751 1305 3828 (et
