3106 4378
269 262 333 326 110
371 273 401 325 C.
425 273 582 324 SUETONI
601 272 830 335 TRANQUILLI
848 273 898 322 DE
916 272 1007 322 VITA
1028 272 1231 324 CAESARUM

268 445 401 525 pulvino
414 465 447 506 se
461 445 641 523 proferente
657 445 844 505 conterritos
861 445 1024 522 refugisse.
1066 444 1151 515 Quae
1166 445 1276 506 fabula

269 558 377 612 exorta
391 557 448 625 est,
464 551 628 627 deprensis
650 549 781 610 inlecto
802 550 868 610 eius
890 551 1008 610 circum
1027 549 1194 611 cervicalia
1214 569 1275 611 ser-

267 657 372 736 pentis
387 656 527 730 exuviis3
550 673 628 732 quas
647 662 753 715 tamen
767 675 878 715 aureae
896 655 1038 715 armillae
1058 675 1097 714 ex
1110 656 1273 716 voluntate

269 762 377 822 matris
405 760 542 821 inclusas
567 761 678 820 dextro
702 760 829 820 brachio
853 759 990 836 gestavit
1014 760 1217 838 aliquamdiu,
1238 781 1274 822 ac

236 877 252 923 5
267 867 372 927 taedio
386 867 514 927 tandem
531 872 689 926 maternae
705 866 872 926 memoriae
894 865 1016 940 abiecit,
1032 885 1203 944 rursusque
1224 886 1274 926 ex-

267 971 377 1032 tremis
393 972 458 1032 suis
473 973 565 1032 rebus
579 971 701 1030 frustra
714 971 867 1048 requisiit.

308 1079 409 1138 Tener
424 1076 526 1136 adhuc
540 1077 674 1136 necdum
688 1083 812 1137 matura
824 1076 962 1154 pueritia
979 1076 1170 1137 circensibus
1188 1075 1273 1137 ludis
1287 1089 1304 1142 7

267 1183 394 1243 Troiam
408 1181 663 1242 constantissime
677 1181 958 1260 favorabiliterque
973 1181 1058 1242 lusit.
1097 1182 1274 1243 Undecimo

267 1288 381 1349 aetatis
398 1307 480 1347 anno
497 1306 516 1347 a
531 1287 663 1348 Claudio
681 1288 848 1365 adoptatus
866 1293 914 1347 est
929 1288 1121 1364 Annaeoque
1139 1287 1273 1347 Senecae

223 1405 252 1448 10
268 1394 330 1453 iam
345 1401 421 1454 tunc
432 1392 571 1453 senatori
586 1392 619 1451 in
634 1391 834 1470 disciplinam
850 1393 996 1468 traditus.
1039 1393 1168 1468 Ferunt,
1185 1393 1275 1452 Sene-

268 1519 335 1560 cam
356 1499 500 1577 proxima
523 1504 614 1558 nocte
638 1498 742 1558 risum
768 1498 829 1558 sibi
846 1517 902 1576 per
925 1498 1062 1574 quictem
1089 1499 1122 1559 C.
1148 1499 1274 1559 Caesari

268 1605 455 1683 praecipere,
471 1611 503 1664 ct
519 1604 613 1663 fidem
630 1603 750 1664 somnio
771 1605 857 1663 Nero
877 1603 965 1664 brevi
978 1604 1065 1691 fecit,
1080 1605 1207 1682 prodita
1220 1605 1276 1663 im·

268 1710 420 1770 manitate
442 1715 574 1769 naturae
602 1709 716 1787 quibus
744 1709 880 1788 primum
908 1708 1013 1787 potuit
1041 1709 1273 1791 experimentis.

268 1817 413 1892 Namque
427 1815 647 1875 Britannicum
666 1815 807 1890 fratrem,
827 1815 911 1891 quod
930 1834 963 1875 se
982 1825 1054 1894 post
1075 1815 1275 1894 adoptionem

224 1935 252 1982 15
268 1922 481 1981 Aenobarbum
506 1939 544 1979 ex
570 1920 796 1980 consuetudine
821 1919 999 1995 salutasset,
1019 1926 1055 1979 ut
1080 1921 1275 1981 subditivum

269 2028 352 2105 apud
360 2032 481 2104 patrem
492 2044 620 2102 arguere
628 2031 758 2086 conatus
767 2031 823 2108 est.
856 2025 1113 2086 Amitamautem
1123 2026 1276 2104 Lepidam

269 2151 354 2192 ream
368 2131 550 2192 testimonio
564 2149 665 2190 coram
682 2130 803 2206 afflixit,
814 2131 994 2207 gratificans
1006 2132 1109 2206 matri,
1122 2151 1140 2191 a
1151 2151 1213 2208 qua
1223 2150 1277 2191 rea

269 2237 476 2315 premebatur.

310 2343 472 2402 Deductus
488 2342 521 2401 in
535 2342 641 2401 forum
654 2341 719 2401 tiro
732 2341 849 2420 populo
859 2343 1063 2418 congiarium,
1079 2343 1176 2402 militi
1185 2343 1276 2414 dona·

224 2448 371 2508 activum
386 2447 557 2528 proposuit,
572 2447 754 2524 indictaque
776 2447 960 2506 decursione
981 2447 1190 2524 praetorianis
1212 2466 1277 2507 scu·

270 2617 315 2663 nis
325 2617 407 2675 youth
498 2558 567 2611 tum
582 2572 639 2612 sua
654 2572 749 2612 manu
768 2552 936 2630 praetulit3
959 2553 1032 2611 exin
1054 2553 1137 2630 patri
1159 2551 1276 2630 gratias
1326 2645 1329 2651 Ι

299 2669 302 2676 ’
499 2657 532 2716 in
562 2664 672 2717 senatu
702 2658 777 2735 egit,
821 2658 917 2735 Apud
949 2658 1080 2716 eundem
1118 2657 1277 2717 consulem

271 2780 328 2840 pro
350 2763 599 2823 Bononiensibus
620 2763 742 2838 Latine,
758 2782 815 2841 pro
836 2763 971 2822 Rhodiis
993 2769 1088 2840 atque
1107 2763 1277 2823 iliensibus

272 2868 390 2927 Graece
409 2869 505 2928 verba
528 2869 613 2927 fecit.
657 2869 850 2946 Auspicatus
875 2874 923 2927 est
948 2875 980 2927 et
1005 2869 1082 2928 iuris
1108 2868 1276 2928 dictionem

226 2988 255 3033 25
271 2973 451 3051 praefectus
477 2974 546 3033 urbi
573 2993 659 3034 sacro
684 2975 878 3048 Latinarum,
899 2974 1109 3034 celeberrimis
1137 2973 1278 3051 patronis

272 3098 334 3138 non
354 3078 527 3140 tralaticias
547 3087 582 3140 ut
602 3080 718 3140 assolet
741 3087 772 3140 ct
796 3081 910 3156 brevis,
927 3082 981 3141 sed
1006 3081 1159 3140 maximas
1185 3079 1280 3157 pluri-

273 3202 402 3261 masque
437 3186 664 3262 postulationes
699 3186 844 3246 certatim
879 3187 1102 3262 ingerentibus,
1136 3185 1279 3264 quamvis

273 3290 477 3348 interdictum
492 3311 511 3350 a
525 3291 657 3352 Claudio
672 3299 762 3352 esset.
807 3295 875 3352 Nec
894 3293 994 3352 multo
1015 3300 1086 3371 post
1102 3292 1194 3353 duxit
1209 3312 1282 3352 uxo

273 3413 338 3453 rem
361 3396 535 3472 Octaviam,
550 3397 713 3475 ediditque
734 3418 792 3476 pro
812 3398 925 3459 Claudi
948 3398 1049 3458 salute
1072 3399 1226 3461 circenses
1249 3405 1282 3460 et

229 3515 258 3560 30
274 3500 481 3562 venationem.
830 3574 834 3582 ι

316 3608 544 3686 Septemdecim
560 3617 651 3670 natus
667 3629 773 3684 annos,
790 3616 826 3670 ut
841 3611 880 3670 dc
896 3610 1027 3672 Claudio
1041 3610 1147 3689 palam
1162 3610 1281 3671 factum
1296 3619 1314 3670 8

275 3719 332 3788 est,
342 3713 426 3773 inter
436 3713 546 3773 horam
561 3721 681 3774 sextam
698 3716 925 3793 septimamque
940 3717 1093 3794 processit
1107 3716 1148 3775 ad
1162 3715 1284 3776 excubi-
