3106 4378
468 271 471 278 ¹
559 269 562 275 ·
590 263 703 313 uranu
725 262 775 314 vr
828 261 934 312 unno.
1202 245 1266 312 135

261 453 396 494 annuam
420 440 654 512 repraesentare
675 435 767 511 fisco;
800 433 966 511 exegitque
990 433 1112 509 ingenti
1135 431 1266 494 fastidio

259 546 292 599 et
316 539 486 600 acerbitate
511 558 674 599 nummum
699 558 854 618 asperum,
876 544 1039 615 argentum
1058 538 1264 616 pustulatum,

259 651 369 705 aurum
396 645 438 704 ad
472 645 644 720 obrussam,
671 649 708 704 ut
741 644 883 723 plerique
914 661 1039 703 ornnem
1066 643 1265 704 collationem

259 749 363 828 palam
392 757 580 825 recusarent,
616 768 769 811 consensu
802 748 991 825 flagitantes,
1027 767 1046 809 a
1072 749 1264 811 delatoribus

259 856 364 933 potius
375 856 550 916 revocanda
563 856 703 933 praemia
713 873 927 933 quaecumque
940 854 1039 932 cepis
1063 897 1187 946 ommis
1279 870 1294 916 u

206 967 244 1018 45
259 967 338 1020 sent.
380 962 430 1019 Ex
452 979 592 1021 annonae
613 979 735 1038 quoque
753 960 884 1020 caritate
900 959 1038 1019 lucranti
1062 974 1146 1021 which
1156 974 1188 1020 ue
1197 985 1253 1022 was

259 1067 399 1127 adcrevit
427 1066 564 1142 invidia3
596 1085 670 1126 nam
691 1071 723 1125 et
744 1065 827 1125 forte
851 1064 976 1140 accidit,
1001 1069 1038 1124 ut
1063 1049 1122 1095 Μ

259 1171 292 1230 in
307 1171 433 1249 publica
446 1171 531 1231 fame
546 1170 766 1231 Alexandrina
782 1171 873 1230 navis
887 1169 1087 1230 nuntiaretur
1101 1167 1263 1246 pulverem

260 1276 465 1337 luctatoribus
480 1275 591 1336 aulicis
605 1276 778 1336 advexisse.

299 1381 400 1452 Quare
414 1381 553 1440 omnium
567 1381 602 1440 in
616 1400 650 1442 se
664 1380 737 1441 odio
750 1381 892 1457 incitate,
906 1379 988 1440 nihil
1004 1380 1262 1441 contumeliarum
1279 1391 1309 1438 10

259 1487 361 1547 defuit
376 1486 453 1564 quin
467 1486 594 1547 subiret.
639 1487 768 1546 Statuae
783 1486 850 1546 eius
865 1504 884 1546 a
898 1486 1014 1545 vertice
1028 1485 1127 1546 cirrus
1142 1485 1264 1564 apposi-

254 1577 310 1653 tus
325 1598 373 1652 est
389 1611 460 1651 cum
473 1591 680 1669 inscriptione
696 1592 919 1665 Graecanica
937 1594 1057 1651 demum
1074 1610 1173 1668 nqeue
1192 1610 1262 1667 esec,

258 1706 286 1757 et
308 1701 438 1757 truderet
465 1699 608 1757 taudem!
661 1695 804 1756 Alterius
831 1695 912 1756 collo
940 1714 1088 1773 ascopera
1114 1695 1262 1772 deligata,

258 1802 414 1880 simulque
425 1801 551 1862 titulus:
570 1803 637 1878 Epo
652 1804 726 1877 quid
734 1803 849 1877 potui?
864 1803 916 1860 sed
930 1809 962 1860 tu
978 1803 1103 1860 culleum
1115 1805 1260 1861 meruisti.

256 1907 440 1985 Ascriptum
470 1913 502 1966 et
526 1906 776 1982 columniemur
803 1906 908 1966 Gallos
923 1926 996 1974 ‚eum
1015 1910 1165 1966 cautando
1190 1911 1263 1967 cuci
1279 1915 1308 1960 15

257 2022 342 2073 tasse.
394 2013 463 2072 Iam
487 2012 632 2071 noctibus
653 2011 757 2087 iurgia
780 2029 852 2071 cum
876 2010 976 2071 servis
1003 2010 1146 2090 plerique
1170 2012 1263 2073 simu-

257 2118 368 2193 lantes,
383 2118 491 2177 crebro
506 2118 661 2179 Vindicem
674 2116 853 2195 poscebant.

203 2231 243 2282 46
297 2222 485 2282 Terrebatur
503 2222 544 2281 ad
562 2207 620 2281 hoc
639 2221 838 2282 evidentibus
853 2221 1009 2299 portentis
1025 2223 1215 2283 somniorum
1229 2229 1262 2284 et

256 2327 465 2406 auspiciorum
482 2331 514 2386 et
527 2326 676 2402 ominum,
688 2345 759 2386 cum
773 2327 932 2388 veteribus
947 2333 1016 2386 tum
1030 2328 1129 2388 novis.
1164 2328 1196 2387 N
1198 2348 1263 2389 um·

256 2450 350 2510 quam
369 2436 461 2492 antea
475 2432 631 2492 somniare
647 2430 768 2505 solitus,
787 2432 890 2491 occisa
907 2431 1034 2491 demum
1060 2474 1150 2521 omens
1161 2474 1188 2522 of
1277 2443 1307 2490 uu

257 2543 356 2598 matre
377 2537 460 2597 vidit
474 2556 529 2615 per
543 2537 691 2614 quietem,
706 2555 819 2596 navem
835 2536 896 2597 sibi
912 2538 1034 2613 regenti
1060 2551 1229 2610 approacrmg

256 2649 413 2703 extortum
426 2642 679 2719 gubernaculum,
692 2641 839 2720 trahique
851 2661 885 2702 se
896 2641 935 2702 ab
946 2643 1035 2703 Octa·
1060 2625 1173 2671 ‘nm‘

256 2749 309 2809 via
335 2766 431 2808 uxore
455 2748 490 2807 in
514 2748 688 2809 artissimas
712 2749 858 2808 tenebras
883 2753 916 2807 et
939 2748 1031 2808 modo
1059 2747 1260 2825 pinnatarum

255 2853 456 2914 formicarum
494 2853 698 2913 multitudine
737 2853 868 2931 oppleri,
904 2852 997 2913 modo
1030 2872 1050 2912 a
1084 2852 1259 2912 simulacris
1332 2917 1335 2922 ,

255 2960 396 3036 gentium
423 2959 465 3020 ad-
498 2959 630 3038 Pompei
660 2959 820 3018 theatrum
856 2958 1070 3018 dedicatarum
1102 2957 1259 3018 circumiri
1275 2973 1305 3019 25

255 3065 415 3142 arcerique
440 3082 622 3142 progressu,
652 3070 859 3138 asturconem,
884 3082 946 3140 quo
968 3063 1104 3124 maxime
1126 3062 1260 3124 laetabar

253 3176 314 3245 tur,
338 3170 508 3249 posteriore
533 3169 670 3247 corporis
693 3175 782 3248 parte
807 3169 840 3228 in
867 3169 976 3229 simiae
1001 3169 1134 3246 speciem
1160 3174 1260 3229 trans-

254 3276 431 3352 figuratum,
467 3294 502 3335 ac
536 3280 660 3334 tantum
693 3274 796 3353 capite
831 3273 953 3349 integro
988 3274 1133 3334 hinnitus
1166 3274 1258 3334 edere

254 3399 391 3441 canoros,
425 3381 472 3439 De
484 3379 654 3451 Mausoleo,
665 3383 777 3456 sponte
788 3378 909 3439 foribus
920 3379 1097 3457 patefactis,
1109 3380 1259 3441 exaudita

254 3505 315 3546 vox
329 3491 378 3546 est
392 3485 518 3546 nomine
532 3503 603 3544 euru
614 3483 735 3544 cientis.
778 3483 851 3543 Kal.
868 3485 934 3543 Ian.
947 3484 1091 3545 exornati
1109 3486 1205 3547 Lares
1224 3486 1258 3546 in
1274 3495 1304 3542 ³0

254 3591 323 3668 ipso
345 3589 491 3651 sacrificii
512 3595 665 3667 apparatu
687 3588 906 3664 conciderunt;
936 3589 1113 3666 auspicanti
1140 3591 1258 3668 Sporus

254 3696 383 3756 anulum
412 3693 534 3754 muneri
561 3693 686 3767 obtulit,
715 3693 806 3753 cuius
833 3711 973 3770 gemmae
1001 3693 1164 3772 sculptura
1190 3701 1258 3756 erat
