3078 4380
542 308 654 359 arnna
676 308 729 360 111.
780 305 961 359 rnensrus.
1216 297 1258 362 23

252 481 371 558 legatos
389 449 589 559 compescuit,
605 500 644 541 ne
662 499 787 558 pereas
806 481 930 558 quidem
949 481 1012 542 nisi
1029 487 1212 542 cunctanter
1227 487 1259 542 et

251 587 435 648 necessario.
478 587 582 663 Reges
607 586 741 646 infestos
766 591 990 665 suspectosque
1012 567 1266 647 comminationi

251 693 309 753 bus
331 692 431 769 magis
453 697 485 751 et
505 692 655 769 querellis
676 711 771 770 quam
790 692 823 750 vi
842 692 1009 770 repressit;
1032 694 1182 771 quosdam
1203 713 1259 772 per

251 798 421 859 blanditias
437 802 531 875 atque
546 797 701 876 promissa
715 803 871 858 extractos
886 799 926 859 ad
945 817 978 859 se
996 818 1059 859 non
1076 799 1207 875 remisit,
1222 804 1259 859 ut
1321 829 1334 858 ι

251 905 480 966 Maroboduum
499 905 699 980 Germanum,
715 904 941 982 Rhascupolim
963 904 1124 980 Thracem,
1144 905 1290 969 Arche-o

252 1010 338 1070 laum
359 1010 584 1088 Cappadocem,
603 1009 691 1070 cuius
712 1008 810 1068 etiarn
830 1027 961 1085 regnum
982 1009 1017 1068 in
1037 1009 1170 1070 formam
1192 1029 1260 1088 pro
1283 1003 1303 1066 .’

252 1116 375 1175 vinciae
390 1115 518 1192 redegit.

201 1230 239 1281 88
292 1220 426 1280 Biennio
441 1220 590 1280 continuo
604 1225 676 1298 post
691 1220 841 1297 adeptum
855 1219 1023 1298 imperium
1041 1221 1153 1298 pedem
1168 1225 1260 1299 porta

252 1346 315 1386 non
329 1327 458 1403 extulit3
482 1327 626 1405 sequenti
643 1333 783 1403 tempore
800 1332 1016 1404 praeterquam
1035 1327 1069 1386 in
1083 1326 1260 1405 propinqua

254 1431 370 1510 oppida
404 1437 444 1505 et,
480 1449 551 1491 cum
585 1430 777 1506 longissime,
808 1430 907 1494 Antio
940 1436 1032 1491 tenus
1276 1444 1306 1489 10

253 1557 409 1615 nusquam
443 1539 535 1614 afuit,
563 1537 659 1614 idque
693 1555 820 1615 perraro
854 1544 886 1597 et
919 1557 1033 1614 paucos
1059 1511 1250 1632 mmm

254 1643 338 1719 dies3
371 1643 515 1721 quamvis
543 1641 721 1720 provincias
747 1661 870 1720 quoque
895 1648 927 1702 et
951 1661 1035 1702 exer-

254 1748 335 1808 citus
361 1748 536 1808 revisurum
561 1767 595 1808 se
619 1766 711 1826 saepe
735 1747 972 1824 pronuntiasset
996 1754 1030 1807 et
1051 1765 1148 1826 prope
1173 1753 1260 1826 quot

254 1852 346 1912 annis
367 1853 594 1931 profectionem
614 1857 824 1931 praepararet,
843 1852 996 1913 vehiculis
1016 1852 1259 1931 comprehensis,

256 1957 478 2017 commeatibus
507 1975 563 2035 per
590 1957 765 2035 municipia
793 1962 825 2016 et
853 1957 990 2018 colonias
1018 1957 1191 2036 dispositis,
1220 1957 1261 2017 ad
1277 1973 1306 2018 15

256 2068 429 2122 extremum
450 2067 525 2122 vota
544 2081 601 2140 pro
622 2062 670 2122 itu
692 2067 724 2122 et
744 2062 849 2123 reditu
870 2081 927 2122 suo
948 2062 1065 2141 suscipi
1085 2082 1206 2140 passus,
1223 2067 1260 2121 ut

255 2168 351 2244 vulgo
388 2167 449 2227 iam
491 2186 548 2246 per
587 2168 689 2227 iocum
730 2167 916 2244 Callippidas
954 2173 1118 2228 vocaretur
1154 2167 1260 2246 (quem

256 2273 407 2333 cursitare
432 2292 467 2333 ac
492 2292 531 2332 ne
554 2273 652 2333 cubiti
674 2272 802 2350 quidem
826 2291 1004 2333 mensuram
1028 2273 1174 2351 progredi
1195 2292 1262 2351 pro

203 2390 242 2440 39
255 2379 362 2438 verbio
382 2379 501 2438 Graeco
520 2384 664 2438 notatum
683 2381 755 2458 est).
799 2377 862 2438 Sed
882 2379 1009 2438 orbatus
1029 2383 1164 2455 utroque
1184 2377 1259 2453 filio,

255 2467 385 2562 quoium
413 2483 618 2544 Germanicus
642 2484 676 2543 in
702 2485 803 2561 Syria,
829 2485 952 2544 Drusus
976 2485 1037 2543 aa
1276 2495 1307 2540 ao

255 2607 324 2649 mae
359 2589 488 2664 obierat,
519 2607 676 2669 secessum
710 2589 901 2667 Campaniae
935 2589 1033 2666 petit;
1060 2563 1262 2696 gffifit'm

255 2693 413 2754 constanti
448 2698 480 2754 et
515 2694 661 2772 opinione
694 2699 727 2754 et
760 2713 901 2754 sermone
937 2713 1049 2773 paene.

255 2801 394 2860 omnium
412 2801 503 2878 quasi
522 2819 623 2877 neque
642 2801 801 2860 rediturus
822 2819 973 2878 umquam
993 2805 1025 2860 et
1045 2799 1109 2859 cito
1129 2805 1260 2859 mortem

233 2906 349 2982 ,etiam
378 2905 531 2965 obiturus.
583 2905 672 2976 Quod
699 2905 793 2984 paulo
817 2907 921 2966 minus
946 2911 1114 2982 utrumque
1139 2905 1260 2981 evenit;

254 3030 329 3070 nam
348 3029 451 3088 neque
472 3012 606 3070 Romam
627 3010 763 3095 amplius
785 3013 889 3087 rediit,
912 3017 944 3072 et
964 3030 1080 3091 paucos
1101 3016 1173 3088 post
1194 3010 1260 3070 dies
1277 3027 1306 3072 at

254 3115 345 3175 iuxta
358 3116 562 3176 Tarracinam
576 3115 610 3174 in
624 3116 790 3193 praetoria
806 3117 857 3176 oui
878 3117 1051 3196 Speluncae
1070 3135 1183 3175 nomen
1202 3120 1259 3191 est,
1289 3179 1291 3185 ,

255 3219 419 3280 incenante
437 3239 474 3280 eo
490 3220 652 3298 complura
669 3225 701 3281 et
719 3220 862 3297 ingentia
880 3240 957 3281 saxa
974 3221 1107 3281 fortuito
1127 3239 1261 3298 superne

254 3324 383 3404 delapsa
398 3330 480 3400 sunt,
493 3325 664 3403 multisque
679 3325 882 3386 convivarum
893 3332 925 3385 et
936 3326 1151 3386 ministrorum
1162 3325 1260 3402 elisis,

253 3428 377 3507 praeter
392 3449 480 3509 spem
494 3430 604 3491 evasit.
1101 3513 1102 3516 Ἴ

200 3547 240 3598 40
293 3536 465 3612 Peragrata
487 3537 668 3614 Campania,
691 3555 761 3596 cum
786 3537 910 3615 Capuae
933 3537 1135 3615 Capitolium,
1159 3537 1261 3598 Nolae
1277 3557 1307 3602 30

253 3639 406 3718 templum
435 3640 582 3716 Augusti,
608 3659 703 3719 quam
731 3660 857 3702 causam
884 3641 1092 3719 profectionis
1119 3647 1261 3720 praeten-

253 3744 350 3820 derat,
366 3744 552 3820 dedicasset,
568 3744 704 3823 Capreas
726 3763 759 3805 ee
780 3745 925 3821 contulit,
941 3747 1107 3825 praecipue
1129 3746 1261 3806 delecta
1317 3794 1320 3800 .
