3106 4378
272 259 336 324 128
374 271 404 322 ο.
424 269 582 321 sunrorr
601 269 830 332 rusruumm
849 270 899 320 un
920 269 1010 320 vrrs
1031 270 1234 324 clusinum

271 459 375 502 rerum
394 440 562 502 interemit.
614 440 769 502 Similiter
789 446 908 501 ceteros
927 447 983 502 aut
1000 441 1153 503 affinitate
1170 443 1278 522 aliqua

272 547 332 607 sibi
364 551 419 606 aut
448 545 686 625 propinquitate
718 545 918 622 coniunctos;
953 546 988 605 in
1015 546 1129 623 quibus
1158 547 1276 607 Aulum
1339 550 1340 556 ’

271 693 414 752 mmo
497 649 658 711 Plautium
677 650 832 726 iuvenem,
849 668 942 727 quem
964 669 1035 711 cum
1054 657 1127 712 ante
1144 659 1277 713 mortem

270 768 392 823 mutim
402 768 451 813 mc
497 755 630 834 pervim
642 760 889 833 conspuroasset,
900 757 965 816 Eat
977 777 1058 816 nuuc
1068 757 1174 835 inquit
1182 769 1278 819 morer

239 844 394 930 5l⁰⁰²¹¹⁰¹⁸
497 880 566 922 raca
584 869 612 920 et
629 879 826 921 successorem
843 880 944 921 meum
962 865 1129 923 osculetur!
1157 864 1276 925 iactans

271 968 421 1028 dilectum
433 967 472 1027 ab
483 985 521 1026 ea
530 971 563 1026 et
574 965 614 1026 ad
624 984 717 1043 spem
731 965 858 1043 imperii
868 966 1047 1044 impulsum.
1090 969 1276 1046 Privignum

271 1072 399 1133 Rufium
422 1071 604 1150 Crispinum
628 1071 777 1149 Poppaea
802 1076 922 1148 natum,
947 1072 1140 1151 impuberem
1165 1075 1276 1151 adhuc,

270 1178 347 1256 quia
372 1178 534 1238 ferebatur
558 1178 692 1237 ducatus
717 1181 750 1236 et
775 1175 908 1256 imperia
932 1176 1050 1254 ludere,
1074 1181 1277 1256 mergendum

270 1283 359 1359 mari,
372 1283 448 1343 dum
461 1282 645 1361 piscaretur,
657 1280 757 1342 servis
772 1281 873 1360 ipsius
887 1281 1099 1344 demandavit.
1141 1286 1277 1346 Tuscum

226 1409 255 1454 10
270 1389 404 1450 nutricis
426 1388 529 1448 filium
551 1387 713 1464 relegavit,
736 1388 821 1466 quod
842 1387 875 1447 in
898 1389 1116 1467 procuratione
1138 1391 1278 1470 Aegypti

271 1495 404 1556 balineis
418 1494 453 1555 in
466 1494 638 1554 adventum
653 1512 744 1554 suum
762 1493 930 1553 exstructis
945 1493 1084 1555 lavisset.
1128 1496 1278 1556 Senecam

271 1605 503 1679 praeceptorem
528 1599 569 1659 ad
592 1617 700 1658 necem
724 1598 886 1676 compulit,
913 1599 1056 1676 quamvis
1083 1620 1175 1679 saepe
1200 1621 1278 1662 com-

272 1713 409 1767 meatum
429 1703 551 1783 petenti
569 1703 722 1780 bonisque
738 1703 862 1763 cedenti
876 1710 1040 1781 persancte
1054 1705 1198 1781 iurasset,
1214 1727 1279 1768 sus·

271 1817 397 1890 pectum
412 1829 449 1870 se
459 1810 580 1870 frustra
598 1809 835 1887 periturumque
857 1807 963 1886 potius
985 1828 1079 1886 quam
1100 1811 1277 1872 nociturum
1328 1887 1330 1891 ,

227 1933 256 1978 15
272 1917 309 1978 ei.
353 1917 453 1976 Burro
467 1915 627 1993 praefecto
643 1913 815 1974 remedium
833 1913 873 1974 ad
890 1914 997 1975 fauces
1015 1915 1185 2002 pollicitus,
1200 1918 1279 1977 toxi-

272 2042 342 2083 cum
368 2020 465 2082 misit.
508 2019 653 2080 Libertos
678 2018 795 2079 divites
818 2023 850 2079 et
875 2038 975 2095 senes,
999 2019 1076 2079 olim
1100 2023 1279 2099 adoptionis

272 2146 345 2187 mox
366 2123 590 2186 dominationis
613 2143 687 2186 suae
708 2125 848 2184 fautores
870 2130 964 2208 atque
985 2131 1130 2202 rectores,
1149 2146 1278 2204 venen0,

272 2232 389 2310 partim
402 2230 480 2291 cibis
495 2229 612 2308 partim
626 2228 806 2308 potionibus
821 2229 932 2306 indito,
947 2229 1123 2308 intercepit.

312 2337 380 2397 Nec
395 2336 515 2396 minore
532 2334 666 2396 saevitia
683 2335 763 2394 foris
786 2340 818 2394 et
837 2334 873 2392 in
893 2340 1018 2395 exteros
1038 2343 1199 2412 grassatus
1221 2344 1278 2399 est.
1294 2343 1332 2394 36

227 2461 257 2506 20
273 2442 374 2505 Stella
387 2441 510 2517 crinita,
526 2459 606 2518 quae
624 2439 754 2500 summis
774 2441 984 2518 potestatibus
1003 2441 1136 2501 exitium
1157 2450 1280 2520 porten-

273 2550 346 2609 dere
365 2547 460 2623 vulgo
478 2550 617 2625 putatur,
637 2565 694 2624 per
714 2545 880 2606 continuas
899 2552 1008 2607 noctes
1030 2546 1106 2606 oriri
1126 2556 1279 2627 coeperat.

273 2652 398 2713 Anxius
413 2671 451 2712 ea
464 2671 506 2728 re,
517 2657 554 2711 ut
567 2670 607 2711 ex
621 2650 759 2710 Balbillo
773 2649 931 2728 astrologo
945 2651 1068 2728 didicit,
1081 2652 1180 2712 solere
1191 2673 1279 2732 reges

273 2758 352 2819 talia
371 2763 497 2818 ostenta
517 2756 611 2817 caede
633 2756 740 2834 aliqua
758 2756 877 2816 illustri
896 2757 1024 2834 expiare
1040 2764 1134 2836 atque
1148 2778 1167 2819 a
1180 2753 1281 2820 semet

273 2865 308 2924 in
322 2863 427 2942 capita
441 2881 604 2941 procerum
618 2860 785 2940 depellere,
800 2861 998 2922 nobilissimo
1016 2863 1128 2940 cuique
1147 2865 1281 2925 exitium

229 2985 258 3030 rc
274 2967 464 3044 destinavit3
495 2967 656 3027 enimvero
679 2966 780 3027 multo
801 2967 902 3043 magis
924 2973 955 3026 et
976 2968 1067 3046 quasi
1088 2988 1143 3046 per
1164 2971 1281 3030 iustam

274 3093 400 3136 oausam
415 3074 535 3134 duabus
548 3072 816 3133 coniurationibus
831 3073 1036 3150 provulgatis,
1050 3093 1182 3151 quarum
1196 3076 1281 3154 prior

274 3179 435 3257 maiorque
462 3179 635 3240 Pisoniana
658 3180 786 3254 Romae,
812 3179 966 3256 posterior
991 3179 1158 3240 Viniciana
1186 3181 1283 3241 Bene-

226 3267 228 3272 ’
275 3285 363 3346 venti
387 3284 521 3345 conflata
545 3291 640 3363 atque
668 3285 791 3345 detecta
815 3290 871 3345 est.
915 3284 1079 3346 Coniurati
1105 3286 1281 3346 avinculis

274 3390 449 3469 triplicium
471 3397 651 3452 catenarum
673 3390 780 3450 dixere
802 3409 936 3466 causam,
959 3409 1029 3450 cum
1051 3390 1179 3468 quidam
1198 3391 1282 3451 ultro

230 3508 260 3554 30
275 3497 395 3557 crimen
415 3497 600 3572 faterentur,
621 3496 766 3556 nonnulli
787 3495 883 3556 etiam
902 3495 1105 3574 imputarent,
1121 3505 1282 3576 tamquam

276 3605 365 3662 aliter
391 3605 437 3662 illi
464 3623 526 3662 non
550 3611 671 3678 possent
698 3605 761 3661 uisi
789 3610 881 3662 morte
910 3621 1081 3662 succurrere
1109 3607 1283 3664 dedecorato

276 3711 408 3785 flagitiis
428 3710 573 3766 omnibus.
616 3707 846 3768 Damnatorum
865 3705 957 3767 liberi
973 3707 1049 3768 urbe
1068 3709 1154 3786 pulsi
1170 3711 1284 3771 enecti·
1308 3701 1311 3711 ’
1369 3737 1372 3744 r
