3106 4378
290 271 332 334 94
368 285 397 335 o.
422 283 578 336 suuroru
602 283 831 347 rnnrourum
854 285 904 334 uu
926 285 1015 336 vrra
1039 285 1241 337 causarum

290 475 379 516 suam
394 455 608 531 transtulerat,
622 455 744 516 senatui
758 456 905 515 reddidit.
948 457 1056 536 Lyciis
1068 457 1107 516 ob
1118 457 1296 518 exitiabiles

289 559 372 620 iuter
389 579 422 621 se
441 561 612 621 discordias
635 560 816 621 libertatem
834 561 961 635 ademit,
978 563 1113 622 Rhodiis
1135 563 1173 622 ob
1192 563 1297 640 paeni-

289 665 422 726 tentiam
444 672 587 725 veterum
609 665 796 725 delictorum
817 666 965 726 reddidit.
1010 666 1189 742 Iliensibus,
1205 669 1296 744 quasi

288 772 449 831 Romanae
464 770 568 846 gentis
583 770 772 846 auctoribus,
789 771 908 830 tributa
919 771 953 829 in
964 778 1149 849 perpetuum
1164 773 1295 849 remisit,

257 897 273 942 a
288 877 420 936 recitata
436 882 539 935 vetere
554 875 693 952 epistula
707 877 827 935 Graeca
839 881 966 936 senatus
977 876 1149 955 populique
1160 879 1295 937 Romani

289 982 418 1043 Seleuco
434 981 498 1058 regi
513 971 686 1040 amicitiam
702 986 734 1039 et
748 980 929 1040 societatem
949 981 996 1041 ita
1009 981 1135 1041 demum
1150 983 1296 1060 pollicen-

288 1088 341 1162 tis,
357 1087 384 1148 si
406 1086 652 1161 consanguineos
668 1105 740 1145 suos
757 1085 891 1146 Ilienses
912 1086 952 1147 ab
970 1087 1055 1147 omni
1075 1106 1167 1147 onere
1187 1088 1296 1149 immu-

288 1211 344 1252 nes
376 1191 595 1270 praestitisset.
649 1190 783 1251 Iudaeos
812 1191 983 1270 impulsore
1011 1191 1144 1253 Chresto
1168 1193 1294 1253 assidue

515 1296 740 1357 tumultuantis
764 1296 866 1356 Roma
893 1297 1024 1374 expulit.
1068 1298 1294 1358 Germanorum

515 1400 628 1478 legatis
642 1401 677 1460 iu
694 1402 856 1462 orchestra
878 1403 984 1462 sedere
1006 1404 1160 1480 permisit,
1177 1404 1295 1482 simpli-

516 1507 610 1567 citate
635 1525 741 1567 eorum
764 1513 796 1566 et
817 1506 935 1567 fiducia
954 1515 1136 1583 commotus,
1152 1510 1236 1586 quod
1259 1510 1293 1568 iu

286 1613 451 1692 popularia
472 1612 608 1687 deducti,
624 1631 695 1671 cum
717 1612 1017 1674 animadvertissent
1037 1613 1172 1674 Parthos
1192 1619 1223 1674 et
1237 1614 1294 1673 Ar-

286 1718 406 1779 menios
421 1717 560 1778 sedentis
575 1717 608 1777 in
624 1724 745 1792 senatu,
761 1718 801 1776 ad
816 1718 924 1777 eadem
944 1718 1013 1778 loca
1034 1724 1145 1796 sponte
1165 1719 1294 1780 transie-

286 1830 368 1900 rant,
385 1823 487 1883 nihilo
509 1823 693 1883 deteriorem
719 1824 870 1882 virtutem
893 1830 949 1884 aut
968 1824 1180 1883 condicionem
1205 1843 1293 1884 suam

242 1947 270 1994 15
286 1929 512 2008 praedicantes.
556 1928 748 1988 Druidarum
772 1928 955 2003 religionem
977 1929 1061 2006 apud
1081 1928 1189 1990 Gallos
1207 1929 1292 1990 dirae

286 2034 503 2109 immanitatis,
516 2040 548 2093 et
562 2039 685 2093 tantum
702 2034 824 2093 civibus
846 2034 906 2092 sub
920 2035 1063 2110 Augusto
1082 2034 1291 2110 interdictam,

285 2141 412 2218 penitus
428 2139 579 2214 abolevit3
603 2117 713 2200 contra
727 2157 815 2199 sacra
834 2138 998 2199 Eleusinia
1012 2139 1106 2198 etiam
1120 2141 1292 2200 transferre

286 2265 326 2305 ex
349 2245 460 2306 Attica
483 2246 616 2305 Romam
645 2250 773 2305 conatus
803 2251 860 2318 est,
885 2244 1101 2322 templumque
1126 2244 1159 2302 iu
1184 2245 1293 2305 Sicilia

285 2351 417 2412 Veneris
452 2351 608 2429 Erycinae
640 2355 798 2410 vetustate
831 2349 1015 2428 conlapsum
1042 2356 1078 2410 ut
1106 2369 1145 2408 ex
1173 2351 1292 2410 aerario

240 2471 270 2517 20
285 2457 397 2535 populi
423 2456 558 2516 Romani
593 2455 781 2530 reficeretur,
810 2461 918 2515 auctor
945 2455 1018 2515 fuit.
1061 2456 1139 2515 Cum
1166 2456 1291 2532 regibus

286 2563 397 2622 foedus
412 2561 445 2620 in
460 2562 531 2621 foro
545 2561 601 2620 icit
615 2579 709 2638 porca
723 2579 813 2620 caesa
831 2580 868 2620 ac
881 2565 986 2620 vetere
1000 2561 1158 2621 fetialium
1172 2562 1293 2639 praefa-

286 2668 371 2727 tione
392 2667 542 2728 adhibita.
587 2667 649 2726 Sed
668 2671 700 2725 et
719 2665 796 2725 haec
810 2671 843 2725 et
857 2672 961 2727 cetera
978 2672 1144 2745 totumque
1161 2667 1239 2727 adeo
1252 2685 1291 2725 ex

285 2780 374 2851 parte
403 2767 517 2849 magna
541 2771 753 2849 principatum
777 2791 841 2830 nou
865 2777 929 2831 tam
956 2760 1013 2832 suo
1037 2791 1130 2850 quam
1158 2791 1291 2831 uxorum

286 2878 530 2956 libertorumque
545 2877 675 2936 arbitrio
690 2876 935 2952 administravit,
946 2876 1020 2938 talis
1030 2878 1147 2954 ubique
1158 2877 1292 2954 plerum-

240 3003 269 3048 25
285 3003 355 3062 que,
371 2983 495 3061 qualem
509 3000 578 3043 esse
593 3001 664 3041 eum
678 2987 733 3042 aut
748 2981 912 3059 expediret
926 2981 991 3042 illis
1006 2989 1061 3042 aut
1076 2982 1195 3044 liberet.

326 3090 462 3167 Sponsas
484 3088 652 3147 admodum
674 3086 857 3147 adulescens
873 3088 951 3148 duas
968 3087 1098 3148 habuit:
1121 3087 1291 3148 Aemiliam
1305 3095 1343 3146 26

285 3194 437 3272 Lepidam
459 3193 596 3268 Augusti
617 3199 811 3270 proneptem,
826 3192 904 3251 item
925 3192 1049 3252 Liviam
1071 3192 1290 3268 Medullinum,

396 3363 402 3374 ,
511 3296 562 3358 cui
575 3303 607 3356 et
621 3315 792 3374 cognomen
807 3297 957 3358 Camillae
973 3303 1048 3372 erat,
1069 3318 1086 3358 e
1108 3317 1219 3374 genere
1240 3317 1291 3358 an-

313 3363 451 3410 fflmm
511 3402 601 3481 tique
635 3402 800 3463 dictatoris
835 3403 972 3464 Camilli.
1027 3404 1177 3478 Priorem,
1207 3405 1291 3481 quod

239 3524 269 3571 3ο
284 3514 430 3587 parentes
451 3508 518 3568 eius
532 3508 713 3583 Augustum
734 3509 939 3583 offenderant,
953 3509 1109 3585 virginem
1125 3509 1228 3569 adhuc
1247 3528 1291 3568 re

283 3614 437 3692 pudiavit,
449 3613 654 3691 posteriorem
665 3612 735 3691 ipso
745 3613 805 3688 die,
815 3613 870 3691 qui
885 3619 952 3674 erat
966 3614 1088 3693 nuptiis
1103 3615 1289 3690 destinatus,

284 3739 323 3779 ex
350 3718 532 3779 valetudine
560 3717 675 3778 amisit.
723 3719 847 3780 Uxores
872 3718 986 3779 deinde
1011 3719 1103 3779 duxit
1129 3720 1287 3780 Plautiam

315 1377 446 1436 Religious

243 1419 271 1464 ¹⁰
315 1450 421 1498 reforma
