3078 4380
306 283 347 348 38
381 295 413 348 c.
438 294 593 346 suuronu
615 294 844 358 nannetum
866 295 918 345 nn
938 295 1030 346 vnn
1051 295 1255 347 cursurum

302 465 527 528 animadvertit
541 468 705 544 Augustus
719 468 754 527 in
771 487 807 528 eo
821 473 853 528 et
871 486 1019 529 excusare
1033 469 1203 547 temptavit
1217 487 1310 547 saepe

205 563 210 574 ³
302 574 386 651 apud
407 579 550 634 senatum
573 592 609 634 ac
630 573 790 651 populum,
805 574 968 653 professus
987 578 1118 634 naturae
1137 574 1217 635 vitia
1230 593 1308 651 esse,

301 698 365 738 non
392 679 497 738 animi.
540 678 730 740 Valetudine
758 679 969 760 prosperrima
989 700 1064 741 usus
1089 686 1147 756 est,
1169 687 1308 760 tempore

302 785 430 862 quidem
449 784 644 863 principatus
664 803 762 863 paene
779 790 846 845 toto
865 804 961 865 prope
980 786 1109 861 inlaesa,
1126 787 1270 864 quamvis
1290 806 1310 847 a

271 888 461 950 otricesimo
488 890 601 950 aetatis
629 909 712 950 anno
739 889 895 951 arbitratu
922 909 988 951 eam
1019 910 1075 951 suo
1098 891 1215 951 rexerit
1241 891 1308 951 sine

302 994 482 1055 adiumento
502 994 673 1056 consiliove
692 996 889 1056 medicorum.
1245 1059 1250 1070 ,

343 1100 434 1161 Circa
448 1101 521 1160 deos
539 1119 575 1160 ac
594 1101 763 1177 religiones
785 1101 1010 1178 neglegentior,
1025 1101 1143 1180 quippe
1162 1101 1307 1162 addictus
1322 1109 1359 1159 69

530 1207 770 1267 mathematicae
779 1207 954 1285 plenusque
965 1207 1186 1285 persuasionis,
1195 1214 1308 1267 cuncta

529 1312 598 1372 fato
612 1313 671 1388 agi.
723 1312 877 1372 Tonitrua
900 1318 1007 1372 tamen
1032 1317 1156 1390 praeter
1180 1313 1304 1372 modum

258 1425 287 1472 10
303 1418 529 1494 expavescebat
543 1423 575 1477 et
590 1417 764 1477 turbatiore
783 1417 870 1477 caelo
889 1436 1061 1493 numquam
1080 1436 1143 1476 non
1161 1436 1307 1478 coronam

303 1519 442 1580 lauream
462 1523 567 1600 capite
589 1522 734 1598 gestavit,
750 1522 834 1599 quod
852 1521 988 1580 fulmine
1007 1521 1106 1582 afflari
1125 1529 1255 1598 negetur
1274 1523 1308 1583 id

302 1644 400 1702 genus
416 1626 546 1687 frondis.

343 1730 437 1791 Artes
455 1731 602 1794 liberales
621 1732 788 1810 utriusque
807 1733 930 1810 generis
950 1732 1181 1794 studiosissime
1200 1733 1305 1794 coluit.
1321 1741 1360 1793 70

529 1837 568 1896 In
580 1839 718 1898 oratione
730 1839 846 1898 Latina
856 1843 980 1898 secutus
990 1843 1038 1898 est
1048 1838 1217 1898 Corvinum
1227 1840 1308 1899 Mes-

528 1941 636 2018 salam,
658 1961 751 2020 quem
773 1961 879 2003 senem
903 1942 1087 2004 adulescens
1116 1944 1304 2004 observarat.

528 2047 590 2107 Sed
605 2047 803 2108 affectatione
815 2055 847 2108 et
857 2047 1038 2108 morositate
1053 2048 1153 2108 nimia
1167 2050 1307 2109 obscura

300 2153 355 2212 bat
369 2152 488 2227 stilum,
499 2158 535 2212 ut
549 2152 712 2228 aliquanto
726 2171 765 2212 ex
779 2159 919 2231 tempore
931 2172 1024 2230 quam
1036 2173 1055 2214 a
1066 2172 1139 2213 cura
1149 2160 1307 2231 praestan·
1343 2234 1346 2241 Ι

301 2257 363 2317 tior
378 2257 553 2317 haberetur.
596 2257 781 2336 Composuit
795 2265 828 2318 et
841 2277 966 2318 carmen
988 2258 1133 2336 lyricum,
1148 2258 1238 2319 cuius
1257 2265 1307 2319 est

301 2363 415 2425 titulus
433 2362 612 2438 Conquestio
626 2367 663 2422 de
676 2373 770 2424 morie
787 2367 824 2424 L.
844 2365 993 2425 Caesaris.
1036 2363 1126 2424 Fecit
1141 2369 1173 2424 et
1187 2364 1306 2425 Graeca

256 2486 286 2531 ac
301 2474 445 2546 poemata
466 2468 610 2528 imitatus
632 2469 868 2548 Euphorionem
889 2475 921 2528 et
942 2470 1102 2529 Rhianum
1124 2474 1158 2529 et
1177 2470 1306 2530 Parthe-

301 2573 398 2649 nium,
410 2573 524 2650 quibus
539 2573 641 2652 poetis
656 2575 825 2634 admodum
839 2575 1023 2651 delectatus,
1036 2575 1155 2654 scripta
1166 2576 1305 2634 omnium

272 2761 274 2764 Ι
301 2685 333 2738 et
353 2679 506 2755 imagines
534 2680 671 2757 publicis
699 2680 898 2742 bibliothecis
921 2680 1004 2741 inter
1024 2686 1147 2741 veteres
1169 2687 1201 2740 et
1221 2699 1306 2758 prae-

300 2784 408 2862 cipuos
427 2789 569 2844 auctores
589 2785 757 2861 dedicavit,
773 2791 804 2845 et
819 2787 858 2845 ob
871 2785 930 2845 hoc
948 2785 1091 2864 plerique
1111 2786 1304 2846 eruditorum

300 2889 444 2949 certatim
458 2890 499 2949 ad
513 2909 584 2948 eum
599 2890 699 2950 multa
714 2891 751 2950 de
766 2890 816 2951 his
831 2891 1005 2952 ediderunt.
1049 2892 1188 2952 Maxime
1199 2897 1305 2951 tamen

254 3007 284 3053 ao
300 2993 422 3054 curavit
442 2994 590 3054 notitiam
610 2995 761 3055 historiae
789 2995 944 3057 fabularis
972 3015 1071 3074 usque
1100 2997 1140 3056 ad
1167 2996 1304 3074 ineptias

300 3105 395 3176 atque
416 3099 570 3176 derisum;
600 3119 673 3160 nam
691 3106 724 3160 et
739 3101 967 3177 grammaticos,
983 3102 1068 3179 quod
1088 3121 1186 3178 genus
1207 3101 1305 3160 homi-

299 3223 373 3265 num
395 3204 571 3283 praecipue,
593 3211 629 3264 ut
657 3205 805 3281 diximus,
827 3207 1005 3284 appetebat,
1028 3207 1096 3267 eius
1124 3206 1209 3267 modi
1236 3207 1303 3266 fere

299 3309 535 3387 quaestionibus
563 3310 791 3388 experiebatur,
814 3330 891 3386 price
907 3321 1017 3394 ,mater
1044 3313 1195 3388 Hecubae,
1225 3315 1304 3388 qaod
1329 3383 1336 3404 .

299 3415 412 3474 Achilli
431 3434 540 3474 omnen
560 3419 639 3476 inter
658 3419 790 3493 uirgines
804 3420 925 3493 ficisset,
941 3421 1015 3493 quid
1035 3417 1162 3478 Sirenes
1182 3426 1304 3478 eantare

253 3537 283 3583 ao
299 3523 360 3578 sint
373 3522 479 3579 solitae
495 3522 509 3578 9
549 3521 592 3580 Et
606 3538 668 3597 quo
682 3521 819 3599 primum
834 3521 886 3581 die
899 3528 973 3601 post
987 3541 1151 3583 excessum
1165 3520 1303 3598 Augusti

298 3624 416 3684 curiam
437 3623 579 3700 intravit,
595 3626 686 3703 quasi
699 3626 813 3705 pietati
829 3627 923 3686 simul
938 3646 972 3687 ac
987 3625 1135 3703 religioni
1149 3627 1226 3688 satis
1241 3627 1304 3687 fac

297 3739 398 3806 turus,
418 3728 537 3789 Minois
559 3729 711 3808 exemplo,
725 3735 795 3790 ture
816 3731 945 3809 quidem
966 3749 1001 3792 ac
1015 3731 1092 3792 vino
1105 3749 1214 3792 verum
1236 3731 1304 3792 sine

302 1269 474 1329 superstition

307 1889 471 1976 fflr'nterary

257 1965 286 2011 ¹⁵
308 1991 425 2051 parauit·
