3106 4378
298 292 340 356 66
375 303 404 354 C.
433 303 589 354 SUETONI
611 303 840 366 TRANQUIELI
863 304 913 352 Dr:
933 304 1025 354 VITA
1049 304 1251 355 CAESARUM

298 474 480 550 magnificas
495 474 629 534 Romam
648 474 772 535 litteras
787 474 884 550 misit,
898 475 1028 535 monitis
1046 475 1304 553 speculatoribus,

261 575 264 580 ’
297 585 333 638 nt
354 579 498 649 vehiculo
516 579 556 638 ad
574 579 676 637 forum
697 597 796 655 usque
816 584 848 638 et
862 579 979 639 curiam
1002 581 1233 657 pertenderent,
1247 599 1305 641 uec

296 685 359 745 nisi
381 685 415 743 in
434 685 510 744 aede
532 684 645 744 Martis
666 702 702 743 ao
723 684 889 761 frequente
911 690 1023 744 senatu
1042 685 1223 746 consulibus
1244 693 1305 746 tra

297 792 415 850 darent.

265 908 280 953 a
337 899 422 970 Mox',
437 895 603 956 deficiente
624 896 700 954 belli
721 896 861 970 materia,
880 914 994 972 paucos
1012 897 1050 956 de
1067 897 1211 956 custodia
1230 899 1305 958 Ger·
1317 901 1355 952 45

297 1021 405 1061 manos
419 1001 511 1060 traici
531 1000 694 1077 occulique
711 1007 799 1060 trans
815 1000 963 1059 Rhenum
981 1001 1085 1076 iussit,
1100 1021 1137 1062 ac
1151 1003 1212 1063 sibi
1232 1009 1305 1081 post

296 1107 462 1184 prandium
478 1125 571 1183 quam
586 1105 871 1166 tumultuosissime
887 1107 996 1166 adesse
1015 1106 1138 1168 hostem
1154 1109 1302 1168 nuntiari.

296 1212 363 1282 Quo
390 1213 485 1286 facto,
514 1211 671 1289 proripuit
695 1231 728 1271 se
755 1231 826 1272 cum
854 1211 964 1271 amicis
989 1217 1021 1272 et
1048 1220 1138 1290 parte
1163 1215 1303 1291 equitum

296 1318 564 1395 praetorianorum
580 1317 614 1376 in
628 1317 804 1395 proximam
820 1317 942 1392 silvam,
958 1318 1176 1396 truncatisque
1191 1320 1305 1379 arbori-

252 1431 280 1477 10
296 1423 354 1482 bus
369 1429 400 1482 et
415 1423 448 1481 iu
463 1423 591 1482 modum
608 1429 807 1500 tropaeorum
825 1423 996 1497 adornatis,
1012 1424 1052 1482 ad
1070 1423 1192 1484 lumina
1205 1443 1305 1484 rever-

297 1547 359 1603 sus,
374 1547 481 1587 eorum
496 1528 623 1605 quidem
645 1528 700 1605 qui
722 1529 822 1588 secuti
843 1547 906 1587 non
927 1533 1033 1588 esseut
1054 1529 1258 1589 timiditatem
1273 1537 1305 1590 et

297 1633 454 1709 ignaviam
472 1633 633 1710 corripuit,
648 1633 778 1692 comites
798 1639 904 1692 autem
918 1639 951 1692 et
965 1634 1137 1711 participes
1154 1635 1304 1695 victoriae

296 1757 377 1797 novo
402 1756 514 1814 genere
541 1757 577 1798 ac
605 1739 731 1797 nomine
760 1757 943 1798 coronarum
971 1739 1111 1814 donavit,
1137 1757 1216 1817 quas
1244 1741 1306 1800 dis·

296 1843 412 1902 tinctas
438 1843 513 1903 solis
538 1862 573 1903 ac
598 1843 691 1902 lunae
716 1844 917 1920 siderumque
946 1844 1049 1921 specie
1078 1844 1304 1922 exploratorias

252 1959 279 2003 15
297 1948 477 2025 appellavit.
514 1949 638 2008 Rursus
650 1949 776 2008 obsides
787 1949 939 2025 quosdam
951 1949 1102 2009 abductos
1117 1968 1133 2008 e
1149 1949 1305 2010 litterario

296 2053 371 2113 ludo
391 2052 533 2130 clamque
551 2053 750 2130 praemissos,
770 2055 893 2113 deserto
914 2060 1043 2131 repente
1064 2055 1218 2130 convivio,
1233 2074 1303 2115 cum

296 2159 441 2235 equitatu
468 2158 627 2218 insecutus
656 2158 756 2218 veluti
784 2158 935 2236 profugos
964 2177 999 2218 ac
1029 2159 1235 2236 reprehensos
1270 2160 1305 2219 in

297 2263 415 2324 catenis
441 2264 583 2339 reduxit3
616 2264 650 2323 in
674 2264 732 2322 hoc
757 2283 881 2341 quoque
905 2262 1002 2322 mimo
1030 2270 1153 2341 praeter
1178 2265 1304 2324 modum

296 2369 519 2446 intemperans.
555 2369 704 2446 Repetite
717 2387 802 2444 cena,
814 2368 1025 2428 renuntiantis
1040 2374 1180 2428 coactum
1193 2388 1305 2445 agmen

250 2486 280 2531 ac
297 2474 379 2533 sicut
404 2480 494 2533 erant
518 2473 665 2533 loricatos
690 2475 731 2533 ad
754 2474 1015 2533 discumbendum
1037 2474 1223 2533 adhortatus
1245 2480 1303 2535 est.

297 2580 422 2639 Monuit
450 2579 545 2639 etiam
573 2579 739 2639 notissimo
760 2579 884 2654 Vergili
904 2597 1008 2654 versu,
1032 2582 1178 2638 durarent
1205 2599 1305 2638 secan

296 2688 401 2759 disque
422 2704 453 2744 se
473 2687 562 2743 rebar
582 2693 743 2744 servarent.

337 2789 443 2866 Atque
457 2790 540 2848 inter
557 2789 633 2849 haec
655 2790 815 2850 absentem
839 2794 982 2850 senatum
1004 2789 1219 2867 populumque
1239 2809 1306 2866 gra

296 2895 427 2954 vissimo
438 2894 615 2970 obiurgavit
627 2895 738 2970 edicto,
751 2896 835 2972 quod
849 2895 979 2956 Caesare
988 2897 1157 2969 proeliante
1172 2904 1198 2955 et
1211 2900 1305 2955 tantia

251 3016 280 3060 25
297 3003 523 3059 discriminibus
539 3003 657 3076 obiecto,
673 3005 846 3076 tempestiua
860 3003 1006 3074 convicia,
1021 3003 1134 3059 circam
1149 3009 1175 3059 et
1190 3002 1306 3060 theatra

297 3114 324 3164 et
337 3125 479 3165 amoenos
492 3127 623 3166 secessas
636 3110 822 3168 celebrarent.
863 3107 1029 3166 Postremo
1043 3105 1133 3181 quasi
1148 3111 1305 3182 perpetra·
1318 3115 1356 3166 46

297 3215 387 3270 turns
412 3211 538 3288 bellum,
565 3213 684 3273 directa
708 3213 774 3273 acie
796 3213 830 3271 in
854 3212 945 3271 litore
968 3211 1085 3272 Oceani
1108 3229 1144 3270 ac
1167 3210 1305 3271 ballistis

298 3317 513 3394 machinisque
533 3319 705 3397 dispositis,
721 3320 845 3379 nemine
863 3337 960 3395 gnaro
979 3324 1033 3378 aut
1053 3317 1203 3395 opinante
1217 3317 1306 3394 quid-

297 3441 368 3482 nam
392 3429 559 3502 coepturus
581 3431 671 3500 esset,
687 3431 815 3503 repente
833 3432 870 3485 ut
887 3423 1021 3483 conchas
1036 3423 1178 3500 legerent
1191 3422 1306 3499 galeas·

252 3543 282 3588 ³0
298 3547 359 3606 que
382 3534 412 3588 et
438 3529 526 3590 sinus
549 3529 705 3607 replerent
730 3530 908 3607 imperavit,
932 3531 1029 3604 spolia
1055 3529 1167 3590 Oceani
1188 3548 1305 3590 vocans

301 3633 450 3708 Capitolio
469 3637 647 3710 Palatioque
666 3639 774 3709 debita,
791 3641 823 3695 et
836 3635 870 3694 in
888 3633 1041 3693 indicium
1055 3633 1205 3694 victoriae
1221 3633 1307 3695 altis-

298 3739 410 3800 simam
433 3745 552 3799 turrem
574 3740 735 3815 excitavit,
760 3758 799 3798 cx
824 3758 887 3816 qna
910 3744 947 3798 ut
970 3738 1076 3798 Pharo
1099 3739 1243 3799 noctibus
1266 3739 1307 3799 ad
