3078 4380
290 293 332 355 48
367 304 397 355 C.
424 302 580 354 SUETONI
601 301 831 365 TRANQUILLI
854 302 904 353 Du
925 301 1017 352 VITA
1040 301 1242 352 CAESARUM

291 481 385 554 atque
400 475 526 550 indolis,
542 495 622 551 cum,
638 475 763 536 deserta
776 473 980 551 desolataque
994 473 1126 551 reliquis
1146 473 1296 535 subsidiis

518 579 599 654 aula,
620 579 733 640 Seiano
754 578 818 638 iam
838 584 914 638 tunc
933 583 1079 656 suspecto
1100 597 1173 638 mox
1192 585 1225 638 et
1247 599 1298 658 op

517 703 635 763 press0,
648 685 688 745 ad
703 702 792 762 spem
806 683 1011 744 successionis
1026 682 1180 760 paulatim
1195 685 1298 744 admo-

517 795 650 850 veretur.
672 790 774 860 Quam
784 807 847 866 quo
855 789 955 866 magis
965 788 1173 863 confirmaret,
1182 790 1298 850 amissa

259 905 274 950 ὕ
291 896 385 956 Iunia
402 914 442 955 ex
462 901 565 973 partu,
580 893 716 954 Enniam
735 893 901 970 Naevian,
917 893 1077 954 Macronis
1090 912 1230 970 uxorem,
1241 895 1298 972 qui

290 1008 359 1062 tum
373 1001 581 1080 praetorianis
596 1000 778 1062 cohortibus
793 1004 945 1079 praeerat,
958 998 1145 1060 sollicitavit
1159 1000 1199 1060 ad
1214 1005 1298 1078 stup

291 1127 369 1182 rum,
384 1105 546 1184 pollicitus
561 1112 593 1165 et
607 1105 842 1165 matrimonium
860 1124 961 1180 suum,
977 1104 1004 1165 si
1025 1106 1146 1182 potitus
1166 1105 1298 1182 imperio

291 1212 422 1288 fuisset,
445 1212 546 1288 deque
560 1230 597 1271 ea
611 1230 643 1271 re
658 1217 691 1272 et
704 1211 772 1270 iure
786 1211 920 1270 iurando
934 1215 966 1270 et
979 1209 1187 1287 chirographo
1204 1210 1296 1271 cavit.

290 1361 391 1407 Mer
408 1357 434 1407 of
449 1359 490 1405 T,-
509 1318 577 1404 'Per
604 1317 685 1376 hanc
712 1316 893 1376 insinuatus
921 1314 1073 1390 Macroni,
1099 1333 1220 1374 veneno
1248 1315 1298 1374 Ti·

246 1433 274 1478 10
289 1435 374 1482 nesus
385 1435 475 1482 attrln
516 1422 637 1482 borium
659 1422 825 1497 adgressus
845 1426 903 1496 est,
918 1425 957 1480 ut
973 1420 1102 1498 quidam
1118 1420 1296 1498 opinantur,

291 1509 451 1557 “mmm
516 1527 713 1605 spirantique
737 1527 838 1586 adhuc
861 1525 985 1586 detrahi
1010 1525 1140 1586 anulum
1163 1531 1203 1602 et,
1225 1545 1298 1604 quo

290 1633 376 1694 niam
392 1632 602 1711 suspicionem
617 1631 784 1692 retinentis
800 1632 904 1707 dabat,
920 1630 1086 1708 pulvinum
1101 1630 1197 1690 iussit
1211 1630 1296 1707 inici,

290 1745 385 1816 atque
407 1737 503 1799 etiam
526 1738 633 1797 fauces
657 1756 752 1797 manu
776 1756 832 1796 sua
851 1737 1019 1814 oppressit,
1039 1736 1162 1812 liberto,
1182 1735 1237 1814 qui
1258 1737 1298 1797 ob

290 1843 487 1904 atrocitatem
507 1842 657 1902 facinoris
677 1843 915 1916 exclamaverat,
930 1842 1099 1902 confestim
1120 1841 1155 1900 in
1173 1859 1297 1901 crucem

245 1963 274 2008 is
290 1955 368 2010 acte.
410 1950 478 2008 Nec
493 1947 640 2007 abhorret
654 1947 825 2022 averitate,
838 1966 909 2006 cum
924 1947 988 2006 sint
999 1947 1129 2025 quidam
1143 1951 1295 2022 auctores

290 2055 394 2132 ipsum
415 2058 525 2132 postea
546 2052 608 2112 etsi
629 2071 692 2110 non
714 2052 752 2110 de
773 2052 923 2129 perfecto,
940 2057 973 2111 at
995 2057 1078 2111 certe
1100 2052 1138 2111 de
1160 2051 1297 2127 cogitato

290 2160 448 2238 quondam
469 2157 638 2236 parricidio
659 2157 854 2234 professum3
877 2157 1047 2233 gloriatum
1068 2157 1153 2216 enim
1171 2156 1296 2217 assidue

289 2266 324 2324 in
352 2264 622 2324 commemoranda
651 2281 708 2322 sua
732 2262 860 2340 pietate,
886 2263 927 2322 ad
951 2262 1164 2322 ulciscendam
1188 2280 1296 2321 necem

290 2370 400 2430 matris
426 2374 458 2428 et
481 2369 617 2428 fratrum
642 2367 789 2427 introisse
812 2385 845 2427 se
868 2385 938 2426 cum
961 2366 1096 2444 pugione
1117 2366 1296 2426 cubiculum

244 2493 274 2537 20
290 2475 410 2535 Tiberii
437 2473 632 2548 dormientis,
660 2478 693 2531 et
720 2471 935 2532 misericordia
966 2477 1142 2549 correptum
1174 2471 1296 2534 abiecto

289 2581 374 2640 ferro
395 2578 576 2654 recessisse,
599 2596 656 2637 nec
675 2576 777 2652 illum,
793 2595 982 2655 quamquam
1004 2576 1164 2652 sensisset,
1179 2581 1234 2636 aut
1251 2576 1296 2636 in-

290 2685 414 2763 quirere
429 2685 596 2762 quicquam
611 2687 666 2742 aut
680 2682 809 2758 exsequi
824 2700 943 2742 ausum.

331 2790 382 2849 Sic
402 2789 570 2867 imperium
592 2788 734 2865 adeptus,
749 2786 900 2865 populum
918 2787 1096 2846 Romanum
1112 2785 1178 2866 (vel
1192 2785 1295 2847 dicam
1310 2796 1348 2846 13

515 2892 679 2952 hominum
700 2910 797 2967 genus
809 2892 838 2972 ?)
854 2891 923 2951 voti
943 2897 1120 2968 compotem
1141 2892 1228 2968 fecit,
1246 2911 1297 2952 ex·

515 2997 733 3075 optatissimus
744 2997 892 3075 princeps
907 2997 1062 3056 maximae
1073 2998 1158 3074 parti
1171 2995 1296 3077 provin-

515 3101 643 3162 cialium
658 3121 693 3162 ac
707 3102 856 3176 militum,
872 3103 957 3179 quod
977 3102 1134 3162 infantem
1153 3087 1296 3181 plerique

289 3213 498 3285 cognoverant
508 3231 514 3284 3
531 3209 586 3268 sed
598 3212 629 3268 et
640 3208 805 3267 universae
817 3207 902 3284 plebi
913 3208 1051 3268 urbanae
1063 3209 1103 3268 ob
1113 3208 1295 3268 memoriam

291 3313 470 3375 Germanici
491 3313 591 3391 patris
606 3313 900 3390 miserationemque
915 3332 1011 3390 prope
1026 3312 1160 3373 afflictae
1175 3314 1293 3374 domus.

196 3453 198 3462 ·
289 3421 402 3497 Itaque
411 3419 608 3479 utaMiseno
618 3418 718 3478 movit
729 3419 873 3496 quamvis
885 3418 1023 3494 lugentis
1032 3418 1144 3479 babitu
1155 3423 1187 3478 et
1198 3419 1294 3478 funus

244 3543 273 3590 30
289 3524 396 3584 Tiberi
417 3543 618 3602 prosequens,
634 3529 740 3584 tamen
754 3524 838 3583 inter
852 3524 965 3584 altaria
980 3530 1012 3584 et
1027 3524 1172 3584 victimas
1188 3524 1295 3584 arden-

288 3631 394 3708 tisque
414 3631 523 3690 taedas
546 3629 732 3690 densissimo
752 3634 784 3689 et
803 3629 977 3690 laetissimo
992 3629 1156 3689 obviorum
1170 3629 1293 3706 agmine

289 3736 426 3812 incessit,
443 3754 536 3813 super
555 3735 663 3794 fausta
682 3733 810 3794 nomina
829 3734 916 3795 sidus
934 3740 967 3795 et
985 3734 1109 3812 pullum
1123 3740 1156 3794 et
1175 3753 1291 3811 pupum

290 663 397 710 Hermes
415 662 492 722 Junia

291 737 415 785 claudula

289 2977 399 3037 Popular
406 2975 451 3036 joy
461 2977 490 3024 at

244 3021 273 3066 ²⁵
289 3052 330 3098 his
341 3051 471 3098 accession
