3106 4378
288 241 330 305 68
364 251 393 304 c.
420 250 576 304 susrom
599 250 827 314 marculum
851 251 901 300 nn
921 251 1011 302 vrrs
1036 251 1239 302 cassinum

287 422 400 501 legatis
418 421 607 500 amplissimi
626 421 746 482 ordinis
764 427 801 481 ut
822 427 995 482 maturaret
1015 422 1187 497 orantibus,
1201 441 1296 500 quarn

245 555 249 563 ¹
287 529 426 590 maxima
440 545 514 586 voce
532 529 659 589 Veniam
672 525 788 603 inquit,
803 530 932 602 veniam,
948 536 975 587 et
990 529 1038 587 bio
1052 530 1188 588 mecum!
1207 547 1297 606 capu-

287 635 354 695 lum
368 632 467 710 gladii
482 632 589 692 crebro
606 631 781 706 verberans,
796 650 858 709 quo
878 631 1000 692 cinctus
1020 637 1096 692 erat.
1139 632 1251 693 Edixit
1264 639 1297 693 et

287 743 395 801 reuerti
415 759 455 814 se,
477 741 529 798 sed
553 740 593 796 iic
617 745 736 796 tontum
753 740 806 812 qui
828 746 972 814 optarent,
991 741 1121 814 equestri
1144 742 1247 799 ordini
1269 747 1297 799 et

256 848 421 922 spopcloe
452 863 526 904 aaut
551 862 582 902 se
611 861 705 918 acque
735 845 829 902 ciuem
857 862 951 918 aeque
977 847 1150 920 prinoipem
1176 849 1298 904 senatui

287 953 419 1026 amplios
436 953 515 1026 sore.
569 947 680 1009 Vetuit
704 948 799 1008 ctiam
822 966 1011 1026 quemquam
1034 955 1214 1010 senatorum
1235 949 1296 1010 sibi

287 1074 457 1131 occurrere,
472 1061 566 1133 atque
586 1053 701 1115 omisso
716 1053 767 1114 vel
787 1053 886 1114 dilato
900 1054 1061 1133 triumpho
1075 1073 1173 1114 ovans
1187 1055 1295 1115 urbem

288 1161 387 1222 natali
403 1180 459 1220 suo
470 1160 631 1237 ingressus
643 1165 706 1236 est3
725 1159 871 1237 intraque
882 1165 1029 1237 quartum
1040 1178 1180 1220 mensem
1191 1159 1294 1238 periit,

287 1266 428 1343 ingentia
441 1266 583 1326 facinora
597 1284 692 1326 ausus
706 1270 739 1325 et
754 1265 917 1342 aliquanto
934 1265 1053 1324 maiora
1067 1265 1208 1326 moliens.
1253 1265 1297 1325 Si-

244 1373 416 1450 mquidem
437 1376 641 1450 proposuerat
663 1370 805 1445 Antium,
829 1370 940 1430 deinde
962 1370 1192 1430 Alexandream
1218 1389 1297 1430 oom-

288 1478 431 1554 migrare,
454 1477 644 1554 interempto
665 1475 752 1553 prius
776 1475 941 1553 utriusque
964 1475 1084 1535 ordinis
1106 1475 1296 1536 electissimo

287 1602 419 1661 quoque.
462 1582 552 1652 Quod
572 1600 612 1641 ne
632 1580 684 1640 cui
706 1581 836 1640 dubium
858 1582 1012 1654 videatur,
1027 1581 1061 1639 in
1079 1580 1207 1641 secretis
1229 1580 1295 1641 eius

286 1686 403 1763 reperti
416 1691 490 1745 sunt
501 1685 563 1746 duo
573 1684 675 1746 libelli
687 1685 811 1744 diverso
821 1685 931 1760 titulo;
952 1685 1045 1771 alteri
1057 1685 1188 1761 gladius,
1202 1685 1295 1746 alteri

287 1789 383 1866 pugio
411 1788 506 1847 index
534 1793 617 1862 erat;
653 1788 744 1848 ambo
772 1788 900 1848 nomina
924 1795 956 1849 ct
980 1795 1070 1849 notas
1095 1789 1296 1850 continebant

243 1902 271 1946 ro
287 1893 381 1952 morti
404 1893 642 1952 destinatorum.
694 1893 830 1952 Inventa
852 1899 884 1952 et
909 1912 980 1954 arca
1003 1894 1115 1970 ingens
1137 1895 1295 1955 variorum

287 2017 478 2057 venenorum
492 1996 594 2075 plena,
611 1997 725 2074 quibus
743 2017 816 2057 mox
830 2017 850 2058 a
863 1998 995 2058 Claudio
1010 1990 1161 2059 demersis
1176 2000 1296 2061 inlecta

287 2103 386 2163 maria
406 2103 584 2176 tradrmtur,
608 2121 670 2162 non
696 2101 764 2162 sine
786 2103 920 2181 piscium
942 2104 1048 2178 exitio,
1070 2123 1148 2181 quos
1169 2113 1295 2166 enectos

287 2214 392 2268 aestus
406 2209 440 2265 in
455 2207 598 2284 proxima
612 2206 707 2266 litore
722 2207 824 2268 eiecit.

328 2313 455 2372 Statura
469 2312 533 2371 fuit
549 2311 709 2387 eminenti,
722 2312 824 2372 colore
839 2313 1008 2391 expallido,
1024 2333 1150 2392 corpore
1166 2316 1294 2392 enormi,
1309 2327 1347 2379 50

241 2429 271 2474 ao
514 2416 690 2492 gracilitate
706 2417 844 2477 maxima
858 2418 988 2478 cervicis
1003 2413 1035 2479 et
1049 2438 1183 2496 crurum,
1195 2421 1294 2482 oculis

286 2492 441 2627 {53:2⁶3oe
514 2527 545 2581 et
562 2521 756 2599 temporibus
772 2523 926 2598 concavis,
941 2523 1047 2584 fronte
1064 2525 1130 2584 lata
1146 2531 1179 2584 et
1196 2532 1293 2600 torva,

513 2627 627 2704 capillo
642 2647 713 2687 raro
728 2646 763 2688 ao
779 2627 862 2688 circa
876 2628 1024 2688 verticem
1039 2630 1136 2706 nullo,
1151 2630 1294 2691 hirsutus

286 2739 396 2794 cetera
440 2732 541 2802 Quare
551 2739 734 2792 transeunte
745 2751 781 2792 eo
791 2733 969 2811 prospicere
979 2753 1017 2793 ex
1028 2735 1186 2813 superiore
1196 2743 1293 2814 parte,

286 2839 475 2899 automnino
485 2857 679 2917 quacumque
691 2841 729 2899 de
739 2859 833 2900 causa
841 2859 967 2918 capram
977 2841 1146 2916 nominare,
1153 2842 1295 2902 crimino

241 2957 270 3002 25
287 2963 356 3004 sum
370 2949 403 3003 et
417 2943 544 3004 exitiale
554 2944 736 3005 habebatur.
780 2946 913 3006 Vultum
922 2965 997 3005 vero
1006 2953 1120 3006 natura
1132 2947 1294 3006 horridum

286 3069 322 3109 ac
345 3054 480 3109 taetrum
502 3049 598 3109 etiam
620 3070 659 3110 ex
681 3052 837 3112 industria
861 3053 1021 3128 efferabat,
1043 3071 1230 3130 componens
1255 3052 1295 3111 ad

287 3153 448 3232 speculum
469 3154 504 3213 in
526 3175 649 3216 omnem
671 3163 822 3218 terrorem
844 3177 879 3218 ac
900 3158 1112 3219 formidinem.

327 3258 483 3320 Valetudo
496 3260 524 3319 ei
535 3279 636 3338 neque
646 3263 782 3340 corporis
792 3282 894 3340 neque
903 3261 1001 3324 animi
1016 3262 1168 3323 constitit.
1212 3263 1294 3322 Puer

386 3411 387 3418 κ
516 3366 668 3428 comitiali
690 3367 797 3428 morbo
814 3374 956 3443 vexatus,
972 3368 1006 3427 in
1020 3367 1234 3428 adulescentia
1249 3368 1296 3427 ita

241 3489 271 3534 so
286 3442 423 3564 giffar·
516 3472 640 3549 patiens
655 3473 796 3534 laborum
808 3479 884 3549 erat,
896 3479 1048 3534 uttamen
1059 3492 1294 3551 nonnumquam

459 3585 461 3592 '
516 3575 621 3638 subita
637 3577 814 3638 defectione
833 3577 964 3655 ingredi,
981 3584 1074 3653 stare,
1091 3577 1237 3653 colligere
1252 3597 1296 3639 se

286 3689 352 3742 met
371 3701 416 3749 ac,
429 3681 560 3750 sufferre
574 3682 628 3740 vix
651 3687 766 3760 posset.
809 3682 928 3744 Mentis
942 3681 1158 3746 valetudinem
1176 3688 1208 3743 et
1226 3683 1294 3761 ipse
1337 3743 1339 3746 .
