<?xml version="1.0" encoding="UTF-8"?>
<!DOCTYPE html PUBLIC "-//W3C//DTD XHTML 1.0 Transitional//EN"
    "http://www.w3.org/TR/xhtml1/DTD/xhtml1-transitional.dtd">
<html xmlns="http://www.w3.org/1999/xhtml" xml:lang="en" lang="en">
 <head>
  <title>
</title>
<meta http-equiv="Content-Type" content="text/html;charset=utf-8" />
  <meta name='ocr-system' content='tesseract 3.04.00' />
  <meta name='ocr-capabilities' content='ocr_page ocr_carea ocr_par ocr_line ocrx_word'/>
</head>
<body>
  <div class='ocr_page' id='page_1' title='image "./gaisuetonitranq01pikegoog_0096.png"; bbox 0 0 3106 4378; ppageno 0'>
   <div class='ocr_carea' id='block_1_1' title="bbox 293 295 1244 370">
    <p class='ocr_par' dir='ltr' id='par_1_1' title="bbox 293 295 1244 370">
     <span class='ocr_line' id='line_1_1' title="bbox 293 295 1244 370; baseline -0.003 -10"><span class='ocrx_word' id='word_1_1' title='bbox 293 295 335 360; x_wconf 81' lang='grc'>64</span> <span class='ocrx_word' id='word_1_2' title='bbox 369 306 399 357; x_wconf 88' lang='lat' dir='ltr'>C.</span> <span class='ocrx_word' id='word_1_3' title='bbox 426 306 583 357; x_wconf 83' lang='lat' dir='ltr'><strong>SUETONI</strong></span> <span class='ocrx_word' id='word_1_4' title='bbox 605 307 835 370; x_wconf 84' lang='lat' dir='ltr'><strong>TRANQUILLI</strong></span> <span class='ocrx_word' id='word_1_5' title='bbox 858 309 907 358; x_wconf 80' lang='lat' dir='ltr'>Du</span> <span class='ocrx_word' id='word_1_6' title='bbox 929 308 1018 358; x_wconf 83' lang='lat' dir='ltr'>VITA</span> <span class='ocrx_word' id='word_1_7' title='bbox 1042 307 1244 358; x_wconf 78' lang='lat' dir='ltr'>CAESARUM</span> 
     </span>
    </p>
   </div>
   <div class='ocr_carea' id='block_1_2' title="bbox 247 476 1400 3819">
    <p class='ocr_par' dir='ltr' id='par_1_2' title="bbox 247 476 1400 3819">
     <span class='ocr_line' id='line_1_2' title="bbox 292 476 1299 557; baseline -0.003 -17"><span class='ocrx_word' id='word_1_8' title='bbox 292 479 400 542; x_wconf 76' lang='lat' dir='ltr'>frivoli</span> <span class='ocrx_word' id='word_1_9' title='bbox 424 479 554 541; x_wconf 90' lang='lat' dir='ltr'>ducenis</span> <span class='ocrx_word' id='word_1_10' title='bbox 579 476 708 538; x_wconf 88' lang='lat' dir='ltr'>milibus</span> <span class='ocrx_word' id='word_1_11' title='bbox 733 477 873 538; x_wconf 85' lang='lat' dir='ltr'>traderet</span> <span class='ocrx_word' id='word_1_12' title='bbox 897 477 1087 557; x_wconf 87' lang='lat' dir='ltr'>diceretque,</span> <span class='ocrx_word' id='word_1_13' title='bbox 1115 484 1299 539; x_wconf 88' lang='lat' dir='ltr'>cenaturum</span> 
     </span>
     <span class='ocr_line' id='line_1_3' title="bbox 292 581 806 662; baseline -0.004 -19"><span class='ocrx_word' id='word_1_14' title='bbox 292 584 377 662; x_wconf 84' lang='lat' dir='ltr'>apud</span> <span class='ocrx_word' id='word_1_15' title='bbox 391 584 556 644; x_wconf 80' lang='lat' dir='ltr'>Caesarem</span> <span class='ocrx_word' id='word_1_16' title='bbox 570 587 682 644; x_wconf 86' lang='lat' dir='ltr'>vocatu</span> <span class='ocrx_word' id='word_1_17' title='bbox 697 581 806 660; x_wconf 89' lang='lat' dir='ltr'>ipsius.</span> 
     </span>
     <span class='ocr_line' id='line_1_4' title="bbox 333 686 1351 767; baseline -0.003 -17"><span class='ocrx_word' id='word_1_18' title='bbox 333 687 509 764; x_wconf 78' lang='lat' dir='ltr'>Vectigalia</span> <span class='ocrx_word' id='word_1_19' title='bbox 523 705 606 747; x_wconf 84' lang='lat' dir='ltr'>nova</span> <span class='ocrx_word' id='word_1_20' title='bbox 619 692 714 764; x_wconf 84' lang='lat' dir='ltr'>etque</span> <span class='ocrx_word' id='word_1_21' title='bbox 728 686 873 748; x_wconf 89' lang='lat' dir='ltr'>inaudita</span> <span class='ocrx_word' id='word_1_22' title='bbox 886 687 1024 766; x_wconf 91' lang='lat' dir='ltr'>primum</span> <span class='ocrx_word' id='word_1_23' title='bbox 1038 707 1093 766; x_wconf 88' lang='lat' dir='ltr'>per</span> <span class='ocrx_word' id='word_1_24' title='bbox 1102 688 1297 767; x_wconf 92' lang='lat' dir='ltr'>publicanos,</span> <span class='ocrx_word' id='word_1_25' title='bbox 1311 697 1351 748; x_wconf 85' lang='lat'>40</span> 
     </span>
     <span class='ocr_line' id='line_1_5' title="bbox 292 792 1300 871; baseline 0.001 -18"><span class='ocrx_word' id='word_1_26' title='bbox 292 794 416 869; x_wconf 90' lang='lat' dir='ltr'>deinde,</span> <span class='ocrx_word' id='word_1_27' title='bbox 428 793 504 871; x_wconf 91' lang='lat' dir='ltr'>quia</span> <span class='ocrx_word' id='word_1_28' title='bbox 514 792 636 852; x_wconf 88' lang='lat' dir='ltr'>lucrum</span> <span class='ocrx_word' id='word_1_29' title='bbox 651 792 851 869; x_wconf 76' lang='lat' dir='ltr'><strong>exuberabat,</strong></span> <span class='ocrx_word' id='word_1_30' title='bbox 862 811 919 870; x_wconf 91' lang='lat' dir='ltr'>per</span> <span class='ocrx_word' id='word_1_31' title='bbox 932 792 1131 854; x_wconf 73' lang='lat' dir='ltr'>centuriones</span> <span class='ocrx_word' id='word_1_32' title='bbox 1144 793 1300 854; x_wconf 84' lang='lat' dir='ltr'>tribunos</span> 
     </span>
     <span class='ocr_line' id='line_1_6' title="bbox 262 896 1300 976; baseline 0.004 -22"><span class='ocrx_word' id='word_1_33' title='bbox 262 909 277 954; x_wconf 78' lang='lat' dir='ltr'>c</span> <span class='ocrx_word' id='word_1_34' title='bbox 519 916 580 976; x_wconf 92' lang='lat' dir='ltr'>que</span> <span class='ocrx_word' id='word_1_35' title='bbox 599 896 814 976; x_wconf 87' lang='lat' dir='ltr'>praetorianos</span> <span class='ocrx_word' id='word_1_36' title='bbox 836 899 986 973; x_wconf 84' lang='lat' dir='ltr'>exercuit,</span> <span class='ocrx_word' id='word_1_37' title='bbox 1009 898 1098 958; x_wconf 92' lang='lat' dir='ltr'>nullo</span> <span class='ocrx_word' id='word_1_38' title='bbox 1118 917 1223 959; x_wconf 89' lang='lat' dir='ltr'>rerum</span> <span class='ocrx_word' id='word_1_39' title='bbox 1244 905 1300 958; x_wconf 88' lang='lat' dir='ltr'>aut</span> 
     </span>
     <span class='ocr_line' id='line_1_7' title="bbox 292 977 1300 1100; baseline -0.001 -37"><span class='ocrx_word' id='word_1_40' title='bbox 292 979 442 1100; x_wconf 47' lang='lat' dir='ltr'>{mmm</span> <span class='ocrx_word' id='word_1_41' title='bbox 452 977 479 1026; x_wconf 67' lang='lat'>⁰¹</span> <span class='ocrx_word' id='word_1_42' title='bbox 519 1002 683 1063; x_wconf 89' lang='lat' dir='ltr'>hominum</span> <span class='ocrx_word' id='word_1_43' title='bbox 697 1021 809 1079; x_wconf 88' lang='lat' dir='ltr'>genere</span> <span class='ocrx_word' id='word_1_44' title='bbox 823 1003 947 1079; x_wconf 90' lang='lat' dir='ltr'>omisso,</span> <span class='ocrx_word' id='word_1_45' title='bbox 963 1003 1015 1063; x_wconf 91' lang='lat' dir='ltr'>cui</span> <span class='ocrx_word' id='word_1_46' title='bbox 1028 1023 1091 1064; x_wconf 92' lang='lat' dir='ltr'>non</span> <span class='ocrx_word' id='word_1_47' title='bbox 1111 1003 1225 1064; x_wconf 91' lang='lat' dir='ltr'>tributi</span> <span class='ocrx_word' id='word_1_48' title='bbox 1246 1003 1300 1064; x_wconf 83' lang='lat' dir='ltr'>ali-</span> 
     </span>
     <span class='ocr_line' id='line_1_8' title="bbox 520 1107 1400 1193; baseline 0.002 -27"><span class='ocrx_word' id='word_1_49' title='bbox 520 1108 599 1185; x_wconf 91' lang='lat' dir='ltr'>quid</span> <span class='ocrx_word' id='word_1_50' title='bbox 620 1107 806 1186; x_wconf 87' lang='lat' dir='ltr'>imponeret.</span> <span class='ocrx_word' id='word_1_51' title='bbox 850 1110 912 1168; x_wconf 92' lang='lat' dir='ltr'>Pro</span> <span class='ocrx_word' id='word_1_52' title='bbox 940 1108 1095 1186; x_wconf 83' lang='lat' dir='ltr'>edulibus,</span> <span class='ocrx_word' id='word_1_53' title='bbox 1124 1127 1204 1186; x_wconf 88' lang='lat' dir='ltr'>quae</span> <span class='ocrx_word' id='word_1_54' title='bbox 1231 1114 1300 1169; x_wconf 91' lang='lat' dir='ltr'>tota</span> <span class='ocrx_word' id='word_1_55' title='bbox 1397 1188 1400 1193; x_wconf 21' lang='grc' dir='ltr'>Ι</span> 
     </span>
     <span class='ocr_line' id='line_1_9' title="bbox 292 1212 1299 1292; baseline 0.003 -21"><span class='ocrx_word' id='word_1_56' title='bbox 292 1213 368 1273; x_wconf 88' lang='lat' dir='ltr'>urbe</span> <span class='ocrx_word' id='word_1_57' title='bbox 382 1212 536 1290; x_wconf 86' lang='lat' dir='ltr'>venirent,</span> <span class='ocrx_word' id='word_1_58' title='bbox 552 1219 672 1273; x_wconf 85' lang='lat' dir='ltr'>certum</span> <span class='ocrx_word' id='word_1_59' title='bbox 688 1219 869 1291; x_wconf 88' lang='lat' dir='ltr'>statumque</span> <span class='ocrx_word' id='word_1_60' title='bbox 889 1213 1089 1290; x_wconf 83' lang='lat' dir='ltr'>exigebatur3</span> <span class='ocrx_word' id='word_1_61' title='bbox 1110 1233 1167 1292; x_wconf 91' lang='lat' dir='ltr'>pro</span> <span class='ocrx_word' id='word_1_62' title='bbox 1188 1213 1299 1274; x_wconf 87' lang='lat' dir='ltr'>litibus</span> 
     </span>
     <span class='ocr_line' id='line_1_10' title="bbox 292 1317 1300 1397; baseline 0.001 -19"><span class='ocrx_word' id='word_1_63' title='bbox 292 1335 329 1378; x_wconf 85' lang='lat' dir='ltr'>ac</span> <span class='ocrx_word' id='word_1_64' title='bbox 339 1317 464 1378; x_wconf 88' lang='lat' dir='ltr'>iudiciis</span> <span class='ocrx_word' id='word_1_65' title='bbox 474 1318 664 1396; x_wconf 90' lang='lat' dir='ltr'>ubicumque</span> <span class='ocrx_word' id='word_1_66' title='bbox 675 1318 833 1397; x_wconf 89' lang='lat' dir='ltr'>conceptis</span> <span class='ocrx_word' id='word_1_67' title='bbox 848 1319 1087 1397; x_wconf 85' lang='lat' dir='ltr'>quadragesima</span> <span class='ocrx_word' id='word_1_68' title='bbox 1101 1337 1250 1396; x_wconf 87' lang='lat' dir='ltr'>summae,</span> <span class='ocrx_word' id='word_1_69' title='bbox 1260 1320 1300 1379; x_wconf 91' lang='lat' dir='ltr'>de</span> 
     </span>
     <span class='ocr_line' id='line_1_11' title="bbox 248 1411 1299 1502; baseline 0.004 -22"><span class='ocrx_word' id='word_1_70' title='bbox 248 1435 277 1480; x_wconf 89' lang='lat'>10</span> <span class='ocrx_word' id='word_1_71' title='bbox 293 1440 357 1499; x_wconf 89' lang='lat' dir='ltr'>qua</span> <span class='ocrx_word' id='word_1_72' title='bbox 376 1422 563 1500; x_wconf 73' lang='lat' dir='ltr'>litigaretur,</span> <span class='ocrx_word' id='word_1_73' title='bbox 579 1442 637 1484; x_wconf 86' lang='lat' dir='ltr'>nec</span> <span class='ocrx_word' id='word_1_74' title='bbox 659 1423 726 1484; x_wconf 89' lang='lat' dir='ltr'>siue</span> <span class='ocrx_word' id='word_1_75' title='bbox 747 1411 856 1502; x_wconf 87' lang='lat' dir='ltr'>poene,</span> <span class='ocrx_word' id='word_1_76' title='bbox 873 1424 901 1484; x_wconf 92' lang='lat' dir='ltr'>si</span> <span class='ocrx_word' id='word_1_77' title='bbox 923 1424 994 1502; x_wconf 91' lang='lat' dir='ltr'>quis</span> <span class='ocrx_word' id='word_1_78' title='bbox 1015 1425 1227 1502; x_wconf 82' lang='lat' dir='ltr'>composuisse</span> <span class='ocrx_word' id='word_1_79' title='bbox 1248 1425 1299 1484; x_wconf 85' lang='lat' dir='ltr'>vel</span> 
     </span>
     <span class='ocr_line' id='line_1_12' title="bbox 293 1526 1299 1606; baseline 0.002 -18"><span class='ocrx_word' id='word_1_80' title='bbox 293 1529 425 1588; x_wconf 87' lang='lat' dir='ltr'>donasse</span> <span class='ocrx_word' id='word_1_81' title='bbox 448 1526 608 1604; x_wconf 86' lang='lat' dir='ltr'>negotium</span> <span class='ocrx_word' id='word_1_82' title='bbox 630 1529 885 1605; x_wconf 89' lang='lat' dir='ltr'>convinceretur;</span> <span class='ocrx_word' id='word_1_83' title='bbox 910 1547 949 1590; x_wconf 84' lang='lat' dir='ltr'>ex</span> <span class='ocrx_word' id='word_1_84' title='bbox 971 1530 1148 1606; x_wconf 87' lang='lat' dir='ltr'>gerulorum</span> <span class='ocrx_word' id='word_1_85' title='bbox 1177 1529 1299 1590; x_wconf 86' lang='lat' dir='ltr'>diurnis</span> 
     </span>
     <span class='ocr_line' id='line_1_13' title="bbox 293 1632 1350 1711; baseline 0.003 -20"><span class='ocrx_word' id='word_1_86' title='bbox 293 1632 475 1711; x_wconf 87' lang='lat' dir='ltr'>quaestibus</span> <span class='ocrx_word' id='word_1_87' title='bbox 492 1652 565 1711; x_wconf 87' lang='lat' dir='ltr'>pars</span> <span class='ocrx_word' id='word_1_88' title='bbox 584 1639 702 1694; x_wconf 85' lang='lat' dir='ltr'>octava.</span> <span class='ocrx_word' id='word_1_89' title='bbox 725 1680 732 1693; x_wconf 92' lang='lat'><strong><em>.</em></strong></span> <span class='ocrx_word' id='word_1_90' title='bbox 756 1680 762 1693; x_wconf 93' lang='lat'><strong>.</strong></span> <span class='ocrx_word' id='word_1_91' title='bbox 786 1681 792 1694; x_wconf 96' lang='lat'>.</span> <span class='ocrx_word' id='word_1_92' title='bbox 835 1634 913 1694; x_wconf 83' lang='lat' dir='ltr'>Eius</span> <span class='ocrx_word' id='word_1_93' title='bbox 928 1633 1013 1695; x_wconf 91' lang='lat' dir='ltr'>modi</span> <span class='ocrx_word' id='word_1_94' title='bbox 1027 1634 1234 1710; x_wconf 88' lang='lat' dir='ltr'>vectigalibus</span> <span class='ocrx_word' id='word_1_95' title='bbox 1256 1635 1300 1694; x_wconf 91' lang='lat' dir='ltr'>in·</span> <span class='ocrx_word' id='word_1_96' title='bbox 1312 1642 1350 1694; x_wconf 84' lang='lat'>41</span> 
     </span>
     <span class='ocr_line' id='line_1_14' title="bbox 293 1737 1300 1817; baseline 0.002 -20"><span class='ocrx_word' id='word_1_97' title='bbox 293 1737 386 1798; x_wconf 91' lang='lat' dir='ltr'>dictis</span> <span class='ocrx_word' id='word_1_98' title='bbox 402 1756 503 1815; x_wconf 91' lang='lat' dir='ltr'>neque</span> <span class='ocrx_word' id='word_1_99' title='bbox 525 1737 706 1816; x_wconf 87' lang='lat' dir='ltr'>propositis,</span> <span class='ocrx_word' id='word_1_100' title='bbox 723 1757 794 1798; x_wconf 86' lang='lat' dir='ltr'>curn</span> <span class='ocrx_word' id='word_1_101' title='bbox 814 1757 870 1817; x_wconf 92' lang='lat' dir='ltr'>per</span> <span class='ocrx_word' id='word_1_102' title='bbox 891 1739 1102 1816; x_wconf 82' lang='lat' dir='ltr'>ignorantiam</span> <span class='ocrx_word' id='word_1_103' title='bbox 1126 1739 1300 1817; x_wconf 87' lang='lat' dir='ltr'>scripturae</span> 
     </span>
     <span class='ocr_line' id='line_1_15' title="bbox 293 1842 1301 1922; baseline 0.002 -20"><span class='ocrx_word' id='word_1_104' title='bbox 293 1842 696 1918; x_wconf 86' lang='lat' dir='ltr'>multaoommissafiercnt,</span> <span class='ocrx_word' id='word_1_105' title='bbox 704 1845 832 1904; x_wconf 86' lang='lat' dir='ltr'>tandem</span> <span class='ocrx_word' id='word_1_106' title='bbox 842 1843 1005 1921; x_wconf 86' lang='lat' dir='ltr'>flagitante</span> <span class='ocrx_word' id='word_1_107' title='bbox 1013 1844 1301 1922; x_wconf 90' lang='lat' dir='ltr'>populoproposuit</span> 
     </span>
     <span class='ocr_line' id='line_1_16' title="bbox 249 1947 1300 2026; baseline -0.002 -16"><span class='ocrx_word' id='word_1_108' title='bbox 249 1964 277 2010; x_wconf 80' lang='lat'>15</span> <span class='ocrx_word' id='word_1_109' title='bbox 293 1948 421 2026; x_wconf 92' lang='lat' dir='ltr'>quidem</span> <span class='ocrx_word' id='word_1_110' title='bbox 431 1947 542 2025; x_wconf 88' lang='lat' dir='ltr'>legem,</span> <span class='ocrx_word' id='word_1_111' title='bbox 555 1948 611 2010; x_wconf 89' lang='lat' dir='ltr'>sed</span> <span class='ocrx_word' id='word_1_112' title='bbox 622 1954 654 2008; x_wconf 90' lang='lat' dir='ltr'>et</span> <span class='ocrx_word' id='word_1_113' title='bbox 664 1947 887 2009; x_wconf 90' lang='lat' dir='ltr'>minutissimis</span> <span class='ocrx_word' id='word_1_114' title='bbox 896 1948 1013 2010; x_wconf 88' lang='lat' dir='ltr'>litteris</span> <span class='ocrx_word' id='word_1_115' title='bbox 1028 1955 1060 2009; x_wconf 91' lang='lat' dir='ltr'>et</span> <span class='ocrx_word' id='word_1_116' title='bbox 1075 1948 1300 2024; x_wconf 89' lang='lat' dir='ltr'>angustissimo</span> 
     </span>
     <span class='ocr_line' id='line_1_17' title="bbox 293 2052 1300 2130; baseline 0.001 -19"><span class='ocrx_word' id='word_1_117' title='bbox 293 2052 370 2128; x_wconf 90' lang='lat' dir='ltr'>loco,</span> <span class='ocrx_word' id='word_1_118' title='bbox 381 2052 429 2112; x_wconf 88' lang='lat' dir='ltr'>uti</span> <span class='ocrx_word' id='word_1_119' title='bbox 440 2072 480 2113; x_wconf 91' lang='lat' dir='ltr'>ne</span> <span class='ocrx_word' id='word_1_120' title='bbox 494 2052 546 2113; x_wconf 90' lang='lat' dir='ltr'>cui</span> <span class='ocrx_word' id='word_1_121' title='bbox 560 2053 735 2114; x_wconf 81' lang='lat' dir='ltr'>describere</span> <span class='ocrx_word' id='word_1_122' title='bbox 749 2053 867 2114; x_wconf 89' lang='lat' dir='ltr'>liceret.</span> <span class='ocrx_word' id='word_1_123' title='bbox 903 2053 951 2113; x_wconf 86' lang='lat' dir='ltr'>Ac</span> <span class='ocrx_word' id='word_1_124' title='bbox 966 2072 1005 2113; x_wconf 90' lang='lat' dir='ltr'>nc</span> <span class='ocrx_word' id='word_1_125' title='bbox 1019 2054 1104 2130; x_wconf 92' lang='lat' dir='ltr'>quod</span> <span class='ocrx_word' id='word_1_126' title='bbox 1118 2073 1180 2112; x_wconf 90' lang='lat' dir='ltr'>non</span> <span class='ocrx_word' id='word_1_127' title='bbox 1194 2072 1300 2113; x_wconf 91' lang='lat' dir='ltr'>manu·</span> 
     </span>
     <span class='ocr_line' id='line_1_18' title="bbox 293 2158 1299 2238; baseline 0 -18"><span class='ocrx_word' id='word_1_128' title='bbox 293 2159 414 2220; x_wconf 89' lang='lat' dir='ltr'>biarum</span> <span class='ocrx_word' id='word_1_129' title='bbox 435 2178 532 2236; x_wconf 89' lang='lat' dir='ltr'>genus</span> <span class='ocrx_word' id='word_1_130' title='bbox 550 2160 752 2238; x_wconf 87' lang='lat' dir='ltr'>experiretur,</span> <span class='ocrx_word' id='word_1_131' title='bbox 770 2160 904 2238; x_wconf 87' lang='lat' dir='ltr'>lupanar</span> <span class='ocrx_word' id='word_1_132' title='bbox 925 2160 959 2220; x_wconf 93' lang='lat' dir='ltr'>in</span> <span class='ocrx_word' id='word_1_133' title='bbox 980 2158 1104 2220; x_wconf 80' lang='lat' dir='ltr'>Palatio</span> <span class='ocrx_word' id='word_1_134' title='bbox 1124 2160 1299 2236; x_wconf 87' lang='lat' dir='ltr'>constituit,</span> 
     </span>
     <span class='ocr_line' id='line_1_19' title="bbox 294 2263 1300 2343; baseline 0.001 -20"><span class='ocrx_word' id='word_1_135' title='bbox 294 2263 517 2342; x_wconf 76' lang='lat' dir='ltr'>distinctisque</span> <span class='ocrx_word' id='word_1_136' title='bbox 531 2270 564 2325; x_wconf 90' lang='lat' dir='ltr'>et</span> <span class='ocrx_word' id='word_1_137' title='bbox 577 2265 742 2327; x_wconf 88' lang='lat' dir='ltr'>instructis</span> <span class='ocrx_word' id='word_1_138' title='bbox 756 2285 813 2343; x_wconf 92' lang='lat' dir='ltr'>pro</span> <span class='ocrx_word' id='word_1_139' title='bbox 826 2265 888 2326; x_wconf 88' lang='lat' dir='ltr'>loci</span> <span class='ocrx_word' id='word_1_140' title='bbox 909 2265 1066 2342; x_wconf 87' lang='lat' dir='ltr'>dignitate</span> <span class='ocrx_word' id='word_1_141' title='bbox 1085 2264 1300 2342; x_wconf 87' lang='lat' dir='ltr'>compluribus</span> 
     </span>
     <span class='ocr_line' id='line_1_20' title="bbox 292 2368 1301 2448; baseline -0.004 -18"><span class='ocrx_word' id='word_1_142' title='bbox 292 2369 391 2444; x_wconf 89' lang='lat' dir='ltr'>collis,</span> <span class='ocrx_word' id='word_1_143' title='bbox 406 2369 441 2428; x_wconf 90' lang='lat' dir='ltr'>in</span> <span class='ocrx_word' id='word_1_144' title='bbox 462 2369 576 2447; x_wconf 90' lang='lat' dir='ltr'>quibus</span> <span class='ocrx_word' id='word_1_145' title='bbox 597 2376 757 2430; x_wconf 83' lang='lat' dir='ltr'>matronae</span> <span class='ocrx_word' id='word_1_146' title='bbox 778 2369 969 2448; x_wconf 90' lang='lat' dir='ltr'>ingenuique</span> <span class='ocrx_word' id='word_1_147' title='bbox 991 2379 1120 2444; x_wconf 89' lang='lat' dir='ltr'>starent,</span> <span class='ocrx_word' id='word_1_148' title='bbox 1136 2368 1224 2430; x_wconf 88' lang='lat' dir='ltr'>misit</span> <span class='ocrx_word' id='word_1_149' title='bbox 1244 2368 1301 2428; x_wconf 91' lang='lat' dir='ltr'>cir-</span> 
     </span>
     <span class='ocr_line' id='line_1_21' title="bbox 247 2474 1300 2536; baseline 0 -2"><span class='ocrx_word' id='word_1_150' title='bbox 247 2488 278 2534; x_wconf 75' lang='lat' dir='ltr'>ao</span> <span class='ocrx_word' id='word_1_151' title='bbox 292 2494 365 2536; x_wconf 91' lang='lat' dir='ltr'>cum</span> <span class='ocrx_word' id='word_1_152' title='bbox 385 2474 456 2535; x_wconf 84' lang='lat' dir='ltr'>fora</span> <span class='ocrx_word' id='word_1_153' title='bbox 476 2480 508 2535; x_wconf 90' lang='lat' dir='ltr'>et</span> <span class='ocrx_word' id='word_1_154' title='bbox 528 2474 675 2536; x_wconf 87' lang='lat' dir='ltr'>basilicas</span> <span class='ocrx_word' id='word_1_155' title='bbox 696 2475 966 2536; x_wconf 89' lang='lat' dir='ltr'>nomenculatores</span> <span class='ocrx_word' id='word_1_156' title='bbox 987 2476 1028 2536; x_wconf 89' lang='lat' dir='ltr'>sd</span> <span class='ocrx_word' id='word_1_157' title='bbox 1049 2474 1231 2534; x_wconf 83' lang='lat' dir='ltr'>invitandos</span> <span class='ocrx_word' id='word_1_158' title='bbox 1260 2474 1300 2534; x_wconf 88' lang='lat' dir='ltr'>ad</span> 
     </span>
     <span class='ocr_line' id='line_1_22' title="bbox 293 2579 1299 2658; baseline 0 -20"><span class='ocrx_word' id='word_1_159' title='bbox 293 2579 457 2641; x_wconf 90' lang='lat' dir='ltr'>libidinem</span> <span class='ocrx_word' id='word_1_160' title='bbox 469 2580 598 2640; x_wconf 87' lang='lat' dir='ltr'>iuvenes</span> <span class='ocrx_word' id='word_1_161' title='bbox 611 2598 780 2657; x_wconf 81' lang='lat' dir='ltr'>senesque3</span> <span class='ocrx_word' id='word_1_162' title='bbox 803 2580 947 2658; x_wconf 88' lang='lat' dir='ltr'>praebita</span> <span class='ocrx_word' id='word_1_163' title='bbox 957 2579 1199 2640; x_wconf 88' lang='lat' dir='ltr'>advenientibus</span> <span class='ocrx_word' id='word_1_164' title='bbox 1210 2597 1299 2656; x_wconf 91' lang='lat' dir='ltr'>pecu-</span> 
     </span>
     <span class='ocr_line' id='line_1_23' title="bbox 292 2685 1299 2764; baseline -0.003 -18"><span class='ocrx_word' id='word_1_165' title='bbox 292 2685 347 2746; x_wconf 88' lang='lat' dir='ltr'>nia</span> <span class='ocrx_word' id='word_1_166' title='bbox 356 2685 525 2761; x_wconf 85' lang='lat' dir='ltr'>faenebris,</span> <span class='ocrx_word' id='word_1_167' title='bbox 537 2685 737 2764; x_wconf 88' lang='lat' dir='ltr'>appositique</span> <span class='ocrx_word' id='word_1_168' title='bbox 752 2685 808 2763; x_wconf 90' lang='lat' dir='ltr'>qui</span> <span class='ocrx_word' id='word_1_169' title='bbox 822 2686 950 2746; x_wconf 89' lang='lat' dir='ltr'>nomina</span> <span class='ocrx_word' id='word_1_170' title='bbox 964 2686 1069 2763; x_wconf 87' lang='lat' dir='ltr'>palam</span> <span class='ocrx_word' id='word_1_171' title='bbox 1084 2685 1299 2760; x_wconf 89' lang='lat' dir='ltr'>subnotarent,</span> 
     </span>
     <span class='ocr_line' id='line_1_24' title="bbox 293 2789 1300 2869; baseline -0.004 -17"><span class='ocrx_word' id='word_1_172' title='bbox 293 2791 384 2869; x_wconf 89' lang='lat' dir='ltr'>quasi</span> <span class='ocrx_word' id='word_1_173' title='bbox 412 2790 631 2852; x_wconf 79' lang='lat' dir='ltr'>adiuuantium</span> <span class='ocrx_word' id='word_1_174' title='bbox 660 2791 803 2852; x_wconf 80' lang='lat' dir='ltr'>Caesaris</span> <span class='ocrx_word' id='word_1_175' title='bbox 831 2790 961 2852; x_wconf 89' lang='lat' dir='ltr'>reditus.</span> <span class='ocrx_word' id='word_1_176' title='bbox 1003 2791 1051 2851; x_wconf 88' lang='lat' dir='ltr'>Ac</span> <span class='ocrx_word' id='word_1_177' title='bbox 1080 2810 1120 2850; x_wconf 91' lang='lat' dir='ltr'>ne</span> <span class='ocrx_word' id='word_1_178' title='bbox 1154 2809 1192 2849; x_wconf 89' lang='lat' dir='ltr'>ex</span> <span class='ocrx_word' id='word_1_179' title='bbox 1228 2789 1300 2849; x_wconf 89' lang='lat' dir='ltr'>lusu</span> 
     </span>
     <span class='ocr_line' id='line_1_25' title="bbox 293 2895 1300 2974; baseline -0.002 -18"><span class='ocrx_word' id='word_1_180' title='bbox 293 2896 421 2973; x_wconf 89' lang='lat' dir='ltr'>quidem</span> <span class='ocrx_word' id='word_1_181' title='bbox 431 2895 518 2956; x_wconf 89' lang='lat' dir='ltr'>aleae</span> <span class='ocrx_word' id='word_1_182' title='bbox 533 2896 753 2973; x_wconf 88' lang='lat' dir='ltr'>compendium</span> <span class='ocrx_word' id='word_1_183' title='bbox 765 2915 928 2974; x_wconf 89' lang='lat' dir='ltr'>spernens,</span> <span class='ocrx_word' id='word_1_184' title='bbox 941 2896 1014 2974; x_wconf 89' lang='lat' dir='ltr'>plus</span> <span class='ocrx_word' id='word_1_185' title='bbox 1027 2895 1191 2956; x_wconf 86' lang='lat' dir='ltr'>mendacio</span> <span class='ocrx_word' id='word_1_186' title='bbox 1204 2900 1300 2972; x_wconf 85' lang='lat' dir='ltr'>atque</span> 
     </span>
     <span class='ocr_line' id='line_1_26' title="bbox 247 2999 1301 3080; baseline 0 -22"><span class='ocrx_word' id='word_1_187' title='bbox 247 3013 277 3058; x_wconf 80' lang='lat'>25</span> <span class='ocrx_word' id='word_1_188' title='bbox 293 3001 388 3061; x_wconf 89' lang='lat' dir='ltr'>etiam</span> <span class='ocrx_word' id='word_1_189' title='bbox 406 3002 544 3080; x_wconf 90' lang='lat' dir='ltr'>periurio</span> <span class='ocrx_word' id='word_1_190' title='bbox 562 3001 750 3062; x_wconf 86' lang='lat' dir='ltr'>lucrabatur.</span> <span class='ocrx_word' id='word_1_191' title='bbox 793 3003 837 3061; x_wconf 86' lang='lat' dir='ltr'>Et</span> <span class='ocrx_word' id='word_1_192' title='bbox 853 3001 1011 3079; x_wconf 89' lang='lat' dir='ltr'>quondam</span> <span class='ocrx_word' id='word_1_193' title='bbox 1033 3001 1176 3079; x_wconf 83' lang='lat' dir='ltr'>proximo</span> <span class='ocrx_word' id='word_1_194' title='bbox 1198 2999 1301 3060; x_wconf 91' lang='lat' dir='ltr'>conlu-</span> 
     </span>
     <span class='ocr_line' id='line_1_27' title="bbox 294 3107 1299 3187; baseline -0.002 -21"><span class='ocrx_word' id='word_1_195' title='bbox 294 3107 356 3167; x_wconf 89' lang='lat' dir='ltr'>sori</span> <span class='ocrx_word' id='word_1_196' title='bbox 367 3108 556 3168; x_wconf 87' lang='lat' dir='ltr'>demandata</span> <span class='ocrx_word' id='word_1_197' title='bbox 566 3108 635 3168; x_wconf 88' lang='lat' dir='ltr'>vice</span> <span class='ocrx_word' id='word_1_198' title='bbox 650 3127 706 3168; x_wconf 89' lang='lat' dir='ltr'>sua</span> <span class='ocrx_word' id='word_1_199' title='bbox 720 3127 903 3187; x_wconf 87' lang='lat' dir='ltr'>progressus</span> <span class='ocrx_word' id='word_1_200' title='bbox 917 3107 951 3166; x_wconf 96' lang='lat' dir='ltr'>in</span> <span class='ocrx_word' id='word_1_201' title='bbox 966 3107 1083 3168; x_wconf 88' lang='lat' dir='ltr'>atrium</span> <span class='ocrx_word' id='word_1_202' title='bbox 1097 3107 1217 3181; x_wconf 91' lang='lat' dir='ltr'>domus,</span> <span class='ocrx_word' id='word_1_203' title='bbox 1229 3123 1299 3165; x_wconf 93' lang='lat' dir='ltr'>cum</span> 
     </span>
     <span class='ocr_line' id='line_1_28' title="bbox 293 3210 1301 3292; baseline -0.001 -21"><span class='ocrx_word' id='word_1_204' title='bbox 293 3213 522 3291; x_wconf 89' lang='lat' dir='ltr'>praetereuntis</span> <span class='ocrx_word' id='word_1_205' title='bbox 538 3213 617 3274; x_wconf 93' lang='lat' dir='ltr'>duos</span> <span class='ocrx_word' id='word_1_206' title='bbox 632 3213 755 3292; x_wconf 90' lang='lat' dir='ltr'>equites</span> <span class='ocrx_word' id='word_1_207' title='bbox 770 3214 928 3274; x_wconf 85' lang='lat' dir='ltr'>Romanos</span> <span class='ocrx_word' id='word_1_208' title='bbox 944 3211 1110 3290; x_wconf 89' lang='lat' dir='ltr'>locupletis</span> <span class='ocrx_word' id='word_1_209' title='bbox 1125 3210 1192 3272; x_wconf 87' lang='lat' dir='ltr'>sine</span> <span class='ocrx_word' id='word_1_210' title='bbox 1213 3228 1301 3270; x_wconf 90' lang='lat' dir='ltr'>mora</span> 
     </span>
     <span class='ocr_line' id='line_1_29' title="bbox 292 3315 1300 3396; baseline -0.003 -19"><span class='ocrx_word' id='word_1_211' title='bbox 292 3317 408 3396; x_wconf 86' lang='lat' dir='ltr'>corripi</span> <span class='ocrx_word' id='word_1_212' title='bbox 419 3317 644 3396; x_wconf 87' lang='lat' dir='ltr'>confiscarique</span> <span class='ocrx_word' id='word_1_213' title='bbox 655 3318 809 3394; x_wconf 89' lang='lat' dir='ltr'>iussisset,</span> <span class='ocrx_word' id='word_1_214' title='bbox 817 3318 978 3380; x_wconf 87' lang='lat' dir='ltr'>exsultans</span> <span class='ocrx_word' id='word_1_215' title='bbox 987 3317 1083 3376; x_wconf 89' lang='lat' dir='ltr'>rediit</span> <span class='ocrx_word' id='word_1_216' title='bbox 1092 3315 1300 3394; x_wconf 88' lang='lat' dir='ltr'>gloriansque,</span> 
     </span>
     <span class='ocr_line' id='line_1_30' title="bbox 292 3423 917 3503; baseline 0 -20"><span class='ocrx_word' id='word_1_217' title='bbox 292 3442 464 3501; x_wconf 91' lang='lat' dir='ltr'>numquam</span> <span class='ocrx_word' id='word_1_218' title='bbox 478 3443 512 3485; x_wconf 91' lang='lat' dir='ltr'>se</span> <span class='ocrx_word' id='word_1_219' title='bbox 526 3423 721 3503; x_wconf 89' lang='lat' dir='ltr'>prosperiore</span> <span class='ocrx_word' id='word_1_220' title='bbox 735 3424 805 3484; x_wconf 88' lang='lat' dir='ltr'>alea</span> <span class='ocrx_word' id='word_1_221' title='bbox 817 3443 917 3486; x_wconf 89' lang='lat' dir='ltr'>usum.</span> 
     </span>
     <span class='ocr_line' id='line_1_31' title="bbox 247 3527 1353 3609; baseline -0.006 -19"><span class='ocrx_word' id='word_1_222' title='bbox 247 3544 278 3590; x_wconf 75' lang='lat' dir='ltr'>ao</span> <span class='ocrx_word' id='word_1_223' title='bbox 333 3529 418 3590; x_wconf 84' lang='lat' dir='ltr'>Filia</span> <span class='ocrx_word' id='word_1_224' title='bbox 428 3548 502 3590; x_wconf 86' lang='lat' dir='ltr'>vero</span> <span class='ocrx_word' id='word_1_225' title='bbox 515 3535 599 3606; x_wconf 85' lang='lat' dir='ltr'>nata,</span> <span class='ocrx_word' id='word_1_226' title='bbox 611 3536 829 3609; x_wconf 86' lang='lat' dir='ltr'>paupertatem</span> <span class='ocrx_word' id='word_1_227' title='bbox 843 3548 900 3591; x_wconf 89' lang='lat' dir='ltr'>nec</span> <span class='ocrx_word' id='word_1_228' title='bbox 915 3529 977 3589; x_wconf 85' lang='lat' dir='ltr'>iam</span> <span class='ocrx_word' id='word_1_229' title='bbox 992 3527 1195 3606; x_wconf 86' lang='lat' dir='ltr'>imperatoria</span> <span class='ocrx_word' id='word_1_230' title='bbox 1208 3527 1301 3586; x_wconf 91' lang='lat' dir='ltr'>modo</span> <span class='ocrx_word' id='word_1_231' title='bbox 1314 3533 1353 3584; x_wconf 77' lang='lat'>42</span> 
     </span>
     <span class='ocr_line' id='line_1_32' title="bbox 294 3631 1301 3714; baseline -0.005 -19"><span class='ocrx_word' id='word_1_232' title='bbox 294 3636 350 3695; x_wconf 88' lang='lat' dir='ltr'>sed</span> <span class='ocrx_word' id='word_1_233' title='bbox 365 3640 397 3694; x_wconf 91' lang='lat' dir='ltr'>et</span> <span class='ocrx_word' id='word_1_234' title='bbox 412 3635 516 3712; x_wconf 88' lang='lat' dir='ltr'>patria</span> <span class='ocrx_word' id='word_1_235' title='bbox 529 3653 723 3714; x_wconf 88' lang='lat' dir='ltr'>conquerens</span> <span class='ocrx_word' id='word_1_236' title='bbox 737 3654 841 3710; x_wconf 90' lang='lat' dir='ltr'>onera,</span> <span class='ocrx_word' id='word_1_237' title='bbox 857 3634 1050 3695; x_wconf 87' lang='lat' dir='ltr'>conlationes</span> <span class='ocrx_word' id='word_1_238' title='bbox 1065 3633 1099 3692; x_wconf 91' lang='lat' dir='ltr'>in</span> <span class='ocrx_word' id='word_1_239' title='bbox 1116 3631 1301 3693; x_wconf 89' lang='lat' dir='ltr'>alimonium</span> 
     </span>
     <span class='ocr_line' id='line_1_33' title="bbox 293 3738 1302 3819; baseline -0.005 -19"><span class='ocrx_word' id='word_1_240' title='bbox 293 3759 328 3800; x_wconf 88' lang='lat' dir='ltr'>ac</span> <span class='ocrx_word' id='word_1_241' title='bbox 343 3741 448 3800; x_wconf 89' lang='lat' dir='ltr'>dotem</span> <span class='ocrx_word' id='word_1_242' title='bbox 463 3739 587 3818; x_wconf 85' lang='lat' dir='ltr'>puellae</span> <span class='ocrx_word' id='word_1_243' title='bbox 601 3739 727 3819; x_wconf 88' lang='lat' dir='ltr'>recepit.</span> <span class='ocrx_word' id='word_1_244' title='bbox 769 3739 881 3799; x_wconf 85' lang='lat' dir='ltr'>Edixit</span> <span class='ocrx_word' id='word_1_245' title='bbox 895 3743 928 3799; x_wconf 90' lang='lat' dir='ltr'>et</span> <span class='ocrx_word' id='word_1_246' title='bbox 938 3742 1061 3800; x_wconf 85' lang='lat' dir='ltr'>strenas</span> <span class='ocrx_word' id='word_1_247' title='bbox 1076 3738 1205 3798; x_wconf 88' lang='lat' dir='ltr'>ineunte</span> <span class='ocrx_word' id='word_1_248' title='bbox 1220 3755 1302 3796; x_wconf 90' lang='lat' dir='ltr'>anno</span> 
     </span>
    </p>
   </div>
   <div class='ocr_carea' id='block_1_3' title="bbox 0 0 1558 4378">
    <p class='ocr_par' dir='ltr' id='par_1_3' title="bbox 0 0 1558 4378">
     <span class='ocr_line' id='line_1_34' title="bbox 0 0 1558 4378; baseline 0 0"><span class='ocrx_word' id='word_1_249' title='bbox 0 0 1558 4378; x_wconf 95' lang='lat' dir='ltr'> </span> 
     </span>
    </p>
   </div>
  </div>
 </body>
</html>
