3078 4380
285 267 327 332 14
362 280 393 331 o.
418 279 574 331 surrom
596 278 826 341 russonum
849 280 899 328 nu
918 279 1010 328 vrrs
1034 279 1235 330 cursurum

325 452 395 512 Scio
413 451 509 528 vulgo
524 471 707 530 persuasum
721 450 822 530 quasi,
838 470 963 527 egresso
973 457 1047 530 post
1061 457 1215 512 secretum
1230 471 1290 513 ser-

283 576 408 617 monem
423 557 557 632 Tiberio,
570 576 631 616 vox
644 556 783 632 Augusti
794 576 850 635 per
864 557 1072 617 cubicularios
1086 563 1218 635 excepta
1231 557 1287 618 sit:

282 721 444 781 Augustum
513 664 661 722 Miserum
684 665 832 738 populum
860 663 1036 722 Remurium
1064 666 1117 738 qui
1143 665 1197 722 sub
1226 673 1290 723 tom

282 793 442 843 „mnf
512 770 600 827 lentis
627 770 758 826 masiliis
786 769 862 826 erit!
902 767 953 826 Ne
981 766 1061 826 illud
1090 767 1217 843 quidem
1246 768 1290 845 ig-

250 891 266 935 e
281 868 421 916 Tibfflffl’·
513 891 589 932 noro
600 871 722 950 aliquos
735 871 916 946 tradidisse,
925 872 1104 947 Augustum
1116 873 1221 949 palam
1232 892 1289 933 neo

281 945 412 991 mm
512 977 750 1038 dissimulanter
778 996 900 1036 morum
928 976 995 1036 eius
1023 977 1183 1037 diritatem
1212 980 1289 1039 adeo

281 1085 483 1161 improbasse,
511 1087 547 1142 ut
576 1101 810 1159 nonnumquam
839 1081 1033 1142 remissiores
1062 1082 1290 1161 hilarioresque

281 1183 439 1250 sermones
456 1187 698 1265 superveniente
715 1205 752 1246 eo
769 1186 981 1264 abrumperet;
1005 1186 1060 1246 sed
1074 1193 1288 1265 expugnatum

280 1294 425 1374 precibus
446 1292 554 1352 uxoris
574 1292 773 1371 adoptionem
793 1311 857 1351 non
877 1291 1032 1366 abnuisse,
1047 1291 1098 1351 vel
1116 1292 1210 1352 etiam
1228 1312 1289 1354 am-

236 1411 265 1458 10
280 1399 400 1459 bitione
427 1403 572 1474 tractum,
600 1403 637 1456 ut
664 1397 724 1457 tali
752 1415 928 1457 successore
956 1397 1193 1458 desiderabilior
1220 1399 1288 1476 ipse

281 1505 468 1582 quandoque
485 1503 582 1564 fieret.
613 1501 740 1562 Adduci
754 1508 860 1562 tamen
874 1519 994 1579 nequeo
1008 1502 1086 1579 quin
1100 1502 1287 1580 existimem,

280 1608 632 1686 circumspectissimum
661 1615 693 1667 et
728 1607 1008 1685 prudentissimum
1043 1607 1226 1685 principem,
1254 1609 1288 1669 in

280 1719 372 1774 tanto
386 1713 574 1791 praesertim
592 1712 727 1789 negotio,
742 1712 824 1771 nihil
841 1717 959 1772 temere
975 1711 1106 1787 fecisse3
1130 1713 1185 1773 sed
1198 1713 1288 1774 vitiis

282 1817 401 1878 Tiberii
415 1817 650 1895 virtutibusque
669 1817 832 1896 perpensis
847 1816 984 1894 potiores
999 1817 1125 1877 duxisse
1142 1818 1287 1894 virtutes,

236 1939 265 1984 15
282 1921 468 2001 praesertim
479 1941 550 1981 cum
564 1927 596 1981 et
611 1922 656 1982 rei
670 1922 814 2000 publicae
828 1940 923 1982 cause
936 1922 1084 1999 adoptare
1099 1942 1132 1982 se
1147 1941 1215 1982 eum
1231 1942 1288 2000 pro

282 2028 426 2087 contione
441 2026 602 2102 iuraverit,
617 2036 649 2086 et
660 2027 807 2104 epistulis
818 2026 940 2103 aliquot
952 2032 987 2086 ut
1001 2027 1226 2104 peritissimum
1243 2027 1288 2087 rei

281 2132 430 2192 militaris
442 2137 540 2209 utque
553 2131 682 2191 unicum
695 2131 811 2209 populo
825 2133 967 2191 Romano
981 2132 1174 2209 praesidium
1188 2152 1289 2211 prose

282 2242 405 2314 quatur.
441 2237 491 2294 Ex
502 2235 616 2313 quibus
631 2235 853 2313 inexemplum
867 2254 967 2313 pauca
981 2236 1140 2322 hincinde
1152 2237 1286 2296 subieci:

329 2368 410 2441 Vale,
434 2369 651 2429 iucundissime
675 2367 784 2441 Tiberi,
800 2375 827 2424 ei
839 2369 973 2442 feliciter
990 2386 1054 2426 rem
1072 2387 1148 2444 pere,
1164 2369 1224 2444 ἐμοὶ
1244 2369 1289 2427 καὶ

236 2488 267 2533 uo
282 2477 342 2535 ταῖς
367 2474 494 2535 Μούσαις
524 2475 699 2552 στρατηγῶν.
751 2473 973 2530 Iucundissime
997 2480 1025 2530 ei
1051 2475 1096 2530 iio
1122 2475 1180 2531 sim
1201 2475 1287 2548 felia,

282 2583 330 2637 uir
337 2580 506 2653 fortissime
520 2586 547 2636 ei
560 2580 622 2635 duc
636 2577 817 2654 romptorum,
832 2579 905 2636 cole.

321 2683 465 2744 Ordinem
486 2687 667 2742 aestiuorum
690 2665 831 2740 tuorum!
871 2683 939 2758 Epo
961 2689 1039 2756 cero,
1061 2685 1105 2742 mi
1131 2685 1239 2757 Tiberi,
1261 2692 1289 2741 et

420 2831 485 2880 from
509 2793 588 2847 iuter
601 2796 643 2846 toi
656 2807 758 2846 rerum
775 2789 964 2862 difficultates
978 2789 1022 2846 καὶ
1037 2791 1177 2864 τοσαύτην
1191 2791 1289 2850 demde

282 2833 443 2967 {iitgriiscttiie’e
510 2896 575 2970 μίαν
599 2897 657 2982 τῶν
682 2892 907 2970 στρατευομένων
938 2911 998 2950 riou
1025 2897 1160 2966 potitisse
1193 2912 1289 2967 quem

238 3009 266 3054 25
282 2984 375 3029 “stem
511 3020 602 3074 quom
619 3003 801 3074 prudentius
821 3017 920 3075 perere
943 3017 974 3057 se
993 3017 1085 3072 quum
1105 3006 1137 3056 iu
1154 3001 1288 3074 cesseris,

283 3112 427 3169 existimo.
471 3111 501 3167 Ii
515 3124 629 3182 quoque
645 3108 698 3180 qui
715 3114 810 3164 tecum
827 3107 956 3179 suerum
975 3123 1077 3162 omines
1104 3106 1288 3180 confitemur,

283 3233 402 3274 uersum
417 3216 500 3272 ilium
515 3215 548 3270 iu
561 3220 589 3270 te
597 3229 686 3285 posse
701 3212 780 3269 diei:

449 3362 533 3422 Unus
546 3361 634 3417 bomo
649 3359 733 3416 uobis
747 3359 907 3434 oiqiiuodo.
916 3361 1044 3416 restituit
1058 3376 1127 3415 rem.

324 3497 398 3558 Sive
416 3497 490 3570 quid
508 3497 615 3554 incidit
633 3496 669 3552 de
688 3511 747 3568 quo
764 3495 803 3551 sii
822 3494 1013 3569 copiiaudum
1033 3494 1213 3568 diiiqeutius,
1229 3494 1290 3549 siue

238 3627 268 3674 30
284 3605 357 3678 quid
378 3602 544 3660 stomachor
562 3601 657 3672 ualde,
672 3600 790 3657 medius
803 3600 903 3673 fidius
926 3598 1080 3656 Tiberium
1098 3615 1197 3656 meum
1217 3599 1291 3654 desi

284 3711 364 3782 ciero,
379 3708 580 3780 succurritque
594 3721 698 3762 sersus
712 3703 762 3761 ilie
777 3703 978 3761 Homericus:
