3106 4378
287 281 351 347 126
389 294 419 346 c.
440 293 597 345 sunrorr
617 293 846 356 raanmmr
866 293 916 342 nn
936 293 1028 343 vrrs
1049 293 1250 345 ounsnaun

286 467 463 528 summissis
482 465 537 544 qui
556 470 589 526 et
607 467 727 526 Romae
748 471 922 526 morantem
940 465 1051 527 litibus
1067 471 1100 526 et
1118 466 1153 526 in
1170 485 1293 528 secessu

285 573 500 650 quiescentem
517 589 572 649 per
586 571 727 631 convicia
746 576 777 630 et
795 571 879 631 iocos
898 576 981 630 terra
1000 571 1140 649 marique
1159 578 1294 650 praeter-

285 678 436 737 uehentes
467 676 688 754 inquietarent.
733 677 849 736 Verum
875 675 970 735 minis
994 675 1062 736 eius
1084 695 1120 736 ac
1140 677 1294 738 violentia

284 784 414 844 territus
437 783 566 861 perdere
589 782 718 858 statuit3
748 787 780 842 et
801 801 872 841 cum
892 787 940 842 ter
962 800 1081 841 veneno
1106 789 1292 861 temptasset

252 908 268 952 5
285 890 478 967 sentiretque
494 888 646 948 antidotis
666 888 905 966 praemunitam,
920 887 1089 964 lacunaria,
1106 908 1185 967 qnae
1199 895 1293 950 noctu
1374 920 1388 936 ι’

284 1014 378 1074 super
406 994 614 1053 dormientem
639 993 747 1052 laxata
771 993 916 1053 machina
942 994 1132 1070 deciderent,
1157 995 1290 1073 pararit.

284 1101 355 1161 Hoc
370 1098 502 1160 consilio
516 1119 572 1178 per
586 1098 726 1159 conscios
744 1117 853 1177 parum
869 1099 979 1174 celato,
995 1098 1154 1160 solutilem
1169 1119 1290 1177 navem,

284 1207 373 1267 ouius
387 1205 440 1266 vel
453 1204 621 1279 naufragio
631 1203 682 1263 vel
696 1222 838 1263 camarae
851 1204 944 1264 ruina
957 1204 1084 1282 periret,
1099 1212 1291 1267 commentus

284 1317 341 1387 est,
359 1317 453 1389 atque
475 1311 522 1370 ita
542 1309 796 1369 reconciliatione
816 1309 973 1384 simulata,
989 1309 1223 1371 iucundissimis
1242 1311 1293 1372 lit-

239 1432 267 1477 ιο
283 1417 360 1478 teris
381 1417 477 1477 Baias
502 1415 646 1475 evocavit
668 1415 708 1474 ad
734 1414 899 1475 sollemnia
918 1415 1172 1492 Quinquatruum
1197 1415 1292 1476 simul
1375 1412 1377 1418 ’

283 1522 485 1597 celebranda;
509 1522 645 1598 datoque
666 1520 790 1596 negotio
811 1520 1003 1595 trierarchis,
1025 1521 1081 1598 qui
1104 1521 1291 1582 liburnicam

283 1646 346 1705 qua
366 1628 498 1688 advecta
522 1632 590 1686 erat
610 1625 699 1685 velut
720 1626 854 1685 fortuito
875 1645 1026 1686 concursu
1047 1626 1290 1703 confringerent,

283 1733 440 1811 protraxit
461 1731 650 1806 convivium,
673 1731 890 1809 repetentique
912 1731 1029 1792 Baulos
1051 1732 1207 1792 inlocum
1229 1751 1292 1792 cor·

283 1837 369 1916 rupti
384 1837 504 1914 navigii
522 1836 738 1896 machinosum
755 1836 837 1896 illud
852 1837 976 1912 obtulit,
992 1837 1092 1898 hilare
1106 1843 1291 1916 prosecutus

240 1949 378 2020 maique
407 1942 441 2001 in
467 1942 611 2018 digressu
635 1941 772 2018 papillas
800 1961 924 2019 quoque
949 1942 1157 2004 exosculatus.
1208 1943 1292 2002 Reli·

284 2068 381 2126 quum
401 2047 553 2125 temporis
575 2066 646 2106 oum
664 2065 779 2123 magna
798 2047 1009 2124 trepidatione
1030 2048 1185 2128 vigilavit,
1202 2068 1292 2126 oppe-

283 2153 368 2212 riens
379 2159 561 2230 coeptorum
576 2152 705 2211 exitum.
749 2152 811 2212 Sed
820 2158 857 2211 ut
869 2152 993 2213 diversa
1007 2153 1113 2213 omnia
1126 2153 1291 2231 nandoque

284 2258 421 2319 evasisse
442 2276 512 2317 eam
528 2257 690 2334 comperit,
705 2257 796 2333 inops
815 2257 939 2317 consilii
958 2258 994 2317 L.
1009 2257 1183 2333 Agerinum
1202 2258 1292 2318 liber-

283 2370 351 2425 tum
372 2363 449 2437 eius,
466 2362 585 2422 salvam
606 2368 638 2421 et
658 2361 846 2421 incolumem
866 2381 936 2421 cum
954 2363 1069 2438 gaudio
1082 2363 1290 2438 nuntiantem,

238 2485 268 2528 ao
284 2468 406 2529 abiecto
426 2468 506 2527 clam
521 2466 611 2526 iuxta
627 2467 772 2544 pugione,
789 2473 827 2527 ut
844 2486 1056 2544 percussorem
1072 2467 1133 2528 sibi
1148 2470 1293 2528 suborna

284 2579 352 2634 tum
382 2572 479 2651 arripi
509 2571 743 2649 constringique
772 2571 874 2647 iussit,
902 2578 1035 2632 matrem
1063 2573 1172 2648 occidi,
1201 2574 1292 2650 quasi

214 2657 216 2661 ¹
285 2679 514 2757 deprehensum
534 2677 651 2737 crimen
669 2678 849 2737 voluntaria
865 2684 965 2736 morte
982 2676 1120 2738 vitasset.
1164 2677 1293 2738 Addun-

284 2784 408 2844 turbis
431 2781 593 2858 atrociora,
615 2801 672 2842 nec
697 2781 826 2841 incertis
850 2783 1041 2843 auctoribus:
1065 2784 1104 2843 ad
1125 2783 1337 2890 visefiQ

285 2889 471 2949 interfectae
489 2889 622 2948 cadaver
640 2887 819 2963 accurrisse,
840 2894 1050 2948 contrectasse
1068 2889 1214 2965 membra,
1230 2888 1293 2949 alia

239 3008 268 3052 25
284 2994 489 3072 vituperasse,
505 2993 569 3053 alia
586 2993 740 3068 laudasse,
757 2993 872 3069 sitique
891 2992 1019 3052 interim
1038 2995 1147 3054 oborta
1165 2993 1291 3055 bibisse.

284 3102 395 3177 Neque
417 3106 524 3159 tamen
546 3098 770 3159 conscientiam
792 3098 928 3173 sceleris,
949 3118 1139 3176 quamquam
1160 3105 1192 3159 et
1213 3100 1294 3158 mili-

284 3213 352 3264 tum
375 3210 406 3264 et
428 3210 555 3264 senatus
575 3203 746 3282 populique
764 3204 1027 3280 gratulationibus
1047 3204 1291 3280 confirmaretur,

285 3317 339 3371 aut
361 3310 469 3370 statim
491 3316 546 3370 aut
569 3328 718 3386 umquam
740 3316 849 3389 postea
870 3311 952 3370 ferre
973 3310 1085 3388 potuit,
1109 3329 1201 3389 saepe
1225 3330 1293 3370 con-

284 3417 389 3476 fessus
411 3414 566 3492 exagitari
588 3435 620 3475 se
643 3421 785 3476 materna
809 3417 912 3494 specie
938 3416 1182 3493 verberibusque
1207 3415 1294 3474 Furi·

240 3533 269 3577 30
286 3543 373 3582 arum
397 3541 432 3582 ac
459 3522 559 3582 taedis
586 3522 776 3582 ardentibus.
819 3523 903 3593 Quin
931 3528 963 3582 et
990 3523 1076 3582 facto
1104 3541 1159 3600 per
1183 3523 1292 3599 Magos

198 3662 200 3666 ·
286 3649 374 3690 sacro
397 3648 525 3689 evocare
548 3630 659 3688 Manes
684 3635 716 3688 et
741 3647 868 3688 exorare
893 3629 1071 3706 temptavit.
1114 3628 1294 3705 Peregrina

286 3735 371 3796 tione
395 3735 522 3812 quidem
545 3733 695 3794 Graeciae
716 3739 748 3792 et
772 3733 932 3794 Eleusinis
954 3733 1060 3810 sacris,
1083 3753 1215 3812 quorum
1236 3733 1293 3793 ini-
