3106 4378
523 323 635 374 amna
659 323 707 374 rv.
761 323 791 374 o.
818 323 1015 375 ostreum.
1230 312 1273 376 63

266 503 334 558 teas
347 496 445 558 misit.
488 495 702 572 Cognosoebat
717 501 823 555 autem
837 494 877 554 de
897 471 1015 555 talibus
1036 494 1149 571 causis,
1164 501 1273 556 taxato

267 602 354 681 prius
375 602 468 663 modo
490 619 629 662 summae
651 602 806 678 adquam
830 599 1059 661 conficiendum
1087 600 1272 677 consideret,

268 708 410 768 confecto
431 708 556 767 demum
577 706 781 789 excitabatur.
824 705 872 766 Ac
892 724 932 765 ne
953 705 1117 783 paululum
1145 706 1273 783 quidem

267 832 370 873 morae
384 811 518 891 patiens,
534 830 628 890 super
642 810 852 888 quadraginta
865 829 934 871 reos
948 811 1106 887 quondam
1122 830 1161 870 ex
1174 811 1274 871 diver-

268 917 311 978 sis
333 917 518 977 criminibus
543 935 607 976 una
628 915 787 976 sententia
807 915 1037 991 condemnavit,
1058 915 1304 993 gloriatusquet
1364 950 1366 956 ·

267 1029 315 1084 est
332 1023 585 1101 expergefactae
601 1040 710 1082 somno
725 1021 887 1096 Caesonia,
903 1030 1051 1098 quantum
1072 1025 1185 1099 egisset,
1200 1025 1274 1082 dum

267 1132 494 1189 eomertdraret.

306 1232 461 1294 Auctione
488 1232 658 1311 proposita,
679 1231 830 1310 reliquias
858 1231 995 1292 omnium
1026 1231 1274 1310 spectaculorum

268 1338 401 1400 subiecit
415 1357 451 1398 ac
462 1337 649 1412 venditavit,
661 1336 831 1414 exquirens
842 1356 898 1414 per
912 1355 946 1397 se
960 1337 1064 1414 pretia
1077 1343 1109 1397 et
1122 1355 1222 1414 usque
1237 1355 1274 1398 eo

267 1443 449 1518 extendens,
465 1449 501 1502 ut
516 1443 644 1520 quidam
659 1442 812 1502 immenso
826 1442 926 1502 coacti
941 1443 1094 1519 quaedam
1115 1459 1217 1502 emere
1238 1460 1273 1502 ac
1290 1455 1317 1500 ιο

266 1549 357 1609 bonis
374 1547 461 1608 exuti
478 1566 575 1608 venas
593 1547 655 1607 sibi
671 1547 857 1607 inciderent.
898 1547 985 1607 Nota
1006 1566 1054 1607 res
1076 1552 1133 1622 est,
1148 1545 1274 1625 Aponio

268 1653 438 1714 Saturnino
459 1653 542 1712 inter
564 1651 715 1712 subsellia
741 1651 943 1728 dormitante,
964 1645 1119 1712 monitum
1148 1671 1167 1712 a
1194 1652 1273 1712 Gaio

269 1735 451 1836 praeconem
460 1775 498 1818 ne
508 1757 700 1836 praetorium
709 1756 813 1817 virum
825 1756 932 1816 crebro
941 1757 1054 1834 capitis
1065 1762 1153 1817 motu
1163 1762 1274 1817 nutan-

266 1870 331 1923 tem
360 1863 421 1924 sibi
449 1862 644 1941 praeteriret,
665 1880 723 1922 nec
750 1862 868 1921 licendi
895 1860 988 1921 finem
1018 1861 1148 1938 iactum,
1170 1862 1274 1939 quoad

267 1967 417 2028 tredecim
436 1967 627 2044 gladiatores
645 1966 824 2027 sestertium
842 1967 991 2042 nonagies
1008 1965 1168 2043 ignoranti
1188 1966 1319 2028 addi-15

217 2081 253 2132 39
267 2078 418 2133 serentur.
462 2073 502 2131 In
518 2071 625 2133 Gallia
646 2090 779 2149 quoque,
796 2090 865 2131 oum
887 2072 1047 2132 damnata

266 2179 344 2238 rum'
355 2196 495 2238 sororum
513 2182 697 2237 ornamenta
713 2182 746 2236 et
764 2176 993 2254 supellectilem
1015 2182 1048 2237 et

267 2301 373 2343 servos
387 2289 481 2360 atque
496 2282 591 2342 etiam
607 2281 737 2343 libertos
755 2281 917 2343 immensis
933 2282 1045 2360 pretiis

267 2387 471 2462 vendidisset,
486 2387 642 2447 invitatus
657 2388 752 2462 lucro,
768 2386 924 2464 quidquid
938 2387 1141 2448 instrumenti
1156 2387 1273 2449 veteris

267 2493 357 2554 aulae
374 2497 442 2553 erat
457 2492 498 2553 ab
518 2493 595 2553 urbe
616 2492 753 2571 repetiit,
768 2492 961 2570 comprensis
983 2494 1024 2553 ad
1044 2494 1273 2571 deportandum
1289 2509 1319 2554 ao

267 2597 438 2658 meritoriis
459 2616 584 2675 quoque
605 2596 761 2658 vehiculis
783 2603 816 2657 et
840 2597 1085 2676 pistrinensibus
1113 2597 1272 2675 iumentis,

185 2687 188 2693 ¹
267 2702 345 2764 adeo
364 2709 402 2763 ut
422 2709 453 2763 et
474 2703 565 2780 panis
587 2704 706 2762 Rornae
727 2722 819 2780 saepe
842 2702 990 2762 deficeret
1017 2709 1050 2762 et
1077 2703 1272 2778 litigatorum

266 2807 418 2886 plerique,
440 2807 523 2885 quod
543 2826 705 2868 occurrere
733 2809 878 2868 absentes
907 2808 948 2868 ad
968 2808 1183 2867 vadimonium
1209 2828 1273 2868 non

267 2918 405 2991 possent,
427 2931 521 2973 causa
542 2913 698 2973 caderent.
742 2913 800 2974 Oui
829 2913 1039 2974 instrumento
1068 2912 1273 2973 distrahendo

1072 2152 1119 2199 llis
1129 2152 1241 2200 auction-

1073 2227 1143 2274 sales

266 3016 348 3076 nihil
367 3036 431 3077 non
452 3017 575 3078 fraudis
596 3036 632 3078 ao
652 3017 802 3078 lenocinii
823 3018 978 3093 adhibuit,
1001 3018 1092 3078 modo
1120 3018 1318 3079 avaritiaene

266 3121 408 3198 singulos
420 3110 588 3201 'increpans
603 3129 636 3183 et
649 3124 734 3201 quod
746 3142 810 3183 non
825 3124 958 3200 puderet
979 3142 1031 3185 eos
1052 3123 1272 3201 locupletiores

266 3245 334 3288 esse
351 3246 447 3305 quam
464 3246 506 3304 se,
522 3229 614 3288 modo
631 3228 859 3306 paenitentiam
880 3229 1033 3289 simulans
1054 3228 1139 3306 quod
1160 3228 1273 3306 princi-

265 3332 385 3410 palium
421 3352 524 3393 rerum
563 3334 697 3412 privatis
735 3334 857 3412 copiam
893 3335 1020 3395 faceret.
1071 3335 1272 3412 Compei-erat

265 3437 490 3516 provincialem
518 3439 708 3518 locupletem
742 3441 877 3500 ducenta
911 3440 1058 3500 sestertia
1091 3459 1272 3500 numerasse

266 3543 473 3620 vocatoribus,
484 3549 521 3605 ut
534 3563 591 3622 per
605 3545 766 3606 fallaciam
779 3544 925 3606 convivio
939 3545 1199 3624 interponeretur,
1215 3564 1273 3606 neo
1288 3559 1317 3604 so

266 3647 382 3708 tulerat
392 3649 523 3710 moleste
534 3656 598 3710 tam
612 3669 725 3728 magno
735 3649 896 3712 aestimari
907 3651 1056 3710 honorem
1070 3670 1164 3711 cenae
1180 3669 1270 3726 suae3

265 3751 340 3814 huie
350 3759 476 3832 postero
489 3753 542 3815 die
552 3755 676 3816 sedenti
689 3754 724 3815 in
737 3756 881 3817 auctione
895 3756 993 3833 misit,
1005 3756 1061 3834 qui
1075 3756 1180 3816 nescio
1194 3754 1271 3833 quid
