3078 4380
512 307 623 357 mern
647 306 695 356 1v.
750 306 781 356 c.
806 305 1003 358 camonis.
1221 295 1263 358 53

254 482 391 540 Dareum
405 498 537 558 puerum
551 497 591 538 ex
605 477 794 538 Parthorum
809 477 981 554 obsidibus,
994 479 1163 540 eomitante
1178 499 1265 558 prae-

254 577 447 645 torianorum
462 583 587 660 agmine
601 588 633 643 et
647 583 682 642 in
696 584 815 644 essedis
829 583 956 644 cohorte
970 584 1150 644 amicorum.
1193 586 1265 647 Seio

254 691 419 769 plerosque
434 689 641 763 existimasse,
656 688 754 750 talem
769 707 789 750 a
806 688 886 750 Gaio
901 694 1030 767 pontem
1052 690 1264 767 excogitatum

254 796 464 855 aemulatione
480 794 606 870 Xerxis,
621 792 678 873 qui
696 813 760 854 non
781 795 849 855 sine
870 794 1078 856 admiratione
1100 796 1264 874 aliquanto

254 901 466 978 angustiorem
480 900 726 978 Hellespontum
742 900 1007 977 contabulaverit3
1031 901 1120 976 alios,
1135 908 1171 961 ut
1191 899 1294 963 Ger-e

254 1006 391 1067 maniam
417 1011 448 1065 et
473 1005 681 1080 Britanniam,
704 1005 818 1082 quibus
844 1005 1037 1081 imminebat,
1061 1007 1194 1067 alicuius
1220 1008 1264 1066 in-

254 1112 353 1172 mensi
365 1111 469 1189 operis
481 1112 568 1171 fama
578 1110 745 1170 territaret.
783 1111 844 1170 Sed
855 1130 947 1170 avum
964 1130 1068 1172 meum
1083 1119 1264 1172 narrantem

254 1235 331 1295 puer
359 1217 533 1293 audiebam,
562 1236 687 1276 causam
721 1215 824 1293 operis
853 1215 893 1276 ab
921 1216 1123 1278 interioribus
1152 1217 1263 1279 aulicis

254 1322 420 1400 proditam,
436 1322 521 1397 quod
536 1322 725 1400 Thrasyllus
736 1323 978 1382 mathematicus
990 1322 1083 1382 anxio
1096 1321 1134 1379 de
1145 1339 1263 1381 succes-

255 1447 323 1488 sore
347 1426 473 1486 Tiberio
496 1432 528 1484 ot
550 1426 585 1485 in
606 1444 715 1484 verum
736 1430 883 1504 nepotem
905 1424 1045 1502 proniori
1067 1424 1262 1499 affirmasset,
1280 1438 1309 1484 10

254 1553 315 1592 non
329 1535 428 1609 tnagis
445 1531 559 1592 Gaium
574 1535 795 1606 imperatorum
810 1548 903 1604 quom
911 1548 970 1604 per
983 1531 1142 1589 Bolanum
1161 1533 1263 1590 sinam

153 1663 157 1671 ·
254 1641 338 1713 equis
351 1640 567 1696 discursarent.

202 1759 241 1810 ao
294 1741 406 1802 Edidit
419 1747 452 1801 et
470 1760 599 1820 peregre
619 1740 806 1818 spectacula,
821 1740 856 1799 in
874 1739 982 1800 sicilia
1005 1740 1170 1819 Syracusis
1192 1743 1264 1802 aeti·

253 1867 306 1909 cos
320 1847 422 1922 ludos,
437 1852 468 1906 et
487 1847 521 1906 in
539 1846 645 1906 Gallia
666 1845 835 1922 Luguduni
853 1844 1027 1923 miscellos3
1054 1846 1109 1907 sed
1130 1845 1182 1906 hic
1203 1865 1265 1906 cer-

254 1959 360 2012 tamen
371 1970 495 2030 quoque
508 1951 645 2011 Graecae
654 1951 848 2029 Latinaeque
860 1951 1036 2026 facundiae,
1063 1993 1156 2042 Gamo,
1166 1996 1216 2042 m
1281 1966 1309 2013 15

255 2077 317 2136 quo
348 2057 519 2118 certamine
554 2057 663 2116 ferunt
690 2056 862 2116 victoribus
897 2059 1037 2134 praemia
1063 2069 1216 2116 centetum

254 2163 356 2223 victos
382 2162 560 2238 contulisse,
583 2162 753 2221 eorundem
775 2167 806 2221 et
826 2160 937 2222 laudes
958 2180 1038 2221 com·
1062 2143 1161 2204 foreign
1171 2144 1246 2192 Μ’

254 2288 369 2347 ponere
390 2273 532 2344 coaetos,
561 2286 614 2327 eos
637 2273 751 2342 autem,
774 2267 829 2343 qui
854 2268 991 2327 maxime
1017 2267 1262 2346 displicuissent,

255 2373 374 2452 scripta
393 2393 451 2434 sna
471 2391 609 2451 spongea
633 2372 781 2449 linguave
806 2372 911 2433 delere
934 2373 1045 2449 iussos,
1067 2373 1130 2434 nisi
1151 2373 1263 2434 ferulis

254 2478 412 2554 obiurgari
428 2484 482 2539 aut
495 2478 625 2538 flumine
639 2477 783 2556 proximo
798 2477 896 2553 mergi
911 2478 1104 2539 maluissent.
1280 2496 1309 2541 20

202 2604 239 2655 21
295 2584 397 2662 Opera
429 2584 487 2644 sub
519 2583 646 2643 Tiberio
679 2583 907 2660 semiperfecta,
936 2584 1090 2662 templum
1125 2584 1264 2660 Augusti

253 2690 474 2767 theatrumque
498 2689 639 2767 Pompei,
661 2688 805 2750 absolvit.
848 2689 1017 2749 Incohavit
1038 2695 1143 2751 autem
1164 2709 1264 2768 aquae

254 2796 384 2855 ductum
408 2795 534 2871 regione
559 2795 684 2855 Tibmti
709 2800 741 2854 et
768 2794 1036 2872 amphitheatrum

254 2901 344 2961 iuxta
365 2903 489 2980 Saepta,
512 2880 645 2979 quorum
666 2919 792 2979 operum
820 2919 839 2960 a
860 2918 1037 2960 successore

254 3007 321 3067 eius
350 3007 483 3067 Claudio
511 3007 645 3067 alterum
673 3011 844 3085 peractum,
867 3005 1018 3066 omissum
1043 3006 1176 3065 alterum
1205 3011 1262 3066 est.
1279 3023 1309 3068 ao

254 3113 418 3192 Syracusis
446 3114 594 3192 conlapsa
618 3120 776 3174 vetustate
800 3113 924 3172 moenia
952 3111 1142 3188 deorumque
1170 3111 1263 3172 aedes

253 3218 399 3279 refectae.
441 3219 666 3280 Destinaverat
687 3225 719 3278 et
741 3219 826 3278 Sami
844 3218 1023 3298 Polycratis
1042 3217 1160 3294 regiam
1175 3217 1264 3277 resti-

252 3330 349 3400 tuere,
365 3326 470 3386 Mileti
484 3327 677 3405 Didymeum
693 3345 849 3404 peragere,
864 3326 899 3385 in
913 3326 987 3402 iugo
1002 3324 1134 3403 Alpium
1153 3322 1262 3382 urbem

253 3432 395 3508 condere,
414 3433 469 3492 sed
490 3437 563 3492 ante
585 3432 690 3491 omnia
711 3432 870 3492 Isthmum
891 3431 925 3490 in
945 3431 1067 3493 Achaia
1088 3429 1262 3508 perfodere,

253 3537 444 3614 miseratque
475 3538 537 3598 iam
573 3538 612 3597 ad
648 3537 876 3597 dimetiendum
910 3555 989 3615 opus
1024 3537 1261 3616 primipilarem.
1280 3553 1309 3598 30

201 3649 239 3700 22
254 3643 417 3702 Hactenus
432 3643 523 3720 quasi
538 3643 577 3702 de
596 3641 756 3720 principe3
778 3640 901 3718 reliqua
921 3646 958 3702 ut
972 3642 1012 3703 de
1034 3647 1174 3703 monstro
1195 3661 1264 3702 nar-

253 3747 353 3808 randa
367 3753 449 3808 sunt.

1063 2856 1151 2904 Public
1161 2857 1245 2904 work·
