3106 4378
299 267 341 330 54
380 279 409 330 O.
434 280 590 331 SUETONI
610 282 839 363 TRANQUILLl
858 283 908 332 Da
928 282 1018 332 VITA
1039 283 1241 333 CAESARUM

340 452 561 530 Compluribus
580 454 817 529 cognominibus
837 455 1013 532 adsumptis
1031 454 1117 534 (nam
1136 461 1168 516 et
1185 461 1259 532 piae
1276 462 1308 515 et

299 568 466 618 castrorum
492 562 583 636 filius
610 565 642 619 et
664 569 755 635 peter
782 564 964 619 caeercituum
991 567 1024 620 et
1052 565 1183 636 optimus
1213 557 1308 621 mcci-

299 706 391 764 riusa,
403 707 452 753 m
526 684 594 724 mue
619 665 734 726 Ouescr
764 665 943 744 vocabatur)
970 684 1041 724 cum
1074 666 1198 725 audiret
1224 668 1307 727 forte

299 779 501 840 assumptiones
526 787 624 845 reges,
653 769 709 847 qui
737 769 829 829 officii
858 788 952 829 causa
978 770 1011 830 in
1039 771 1146 830 urbem
1177 773 1309 832 advene-

268 856 483 927 tffifflfflffl
526 879 606 949 rant,
628 875 839 935 concertantis
861 875 946 952 apud
968 895 1000 936 se
1023 895 1117 952 super
1138 895 1247 936 cenam
1269 878 1308 936 de

299 979 465 1039 nobilitate
483 979 614 1055 generis
630 979 835 1039 exclamavit:
858 982 909 1044 Εἷς
925 985 1051 1060 κοίρανος
1070 983 1152 1057 ἔστω,
1168 984 1208 1046 εἷς
1226 986 1308 1060 βασι·

298 1087 379 1149 loir!
408 1103 464 1144 nec
489 1084 623 1143 multum
650 1084 734 1144 afuit
759 1085 837 1162 quin
861 1086 969 1145 statim
998 1085 1145 1146 diadema
1172 1093 1308 1147 sumeret

299 1189 497 1267 speciemque
528 1188 724 1267 principatus
754 1189 789 1249 in
823 1190 911 1265 regni
939 1191 1074 1250 formam
1102 1198 1306 1252 converteret.

298 1296 416 1354 Verum
437 1294 626 1369 admonitus,
645 1300 677 1354 et
698 1295 878 1372 principum
900 1302 931 1354 et
951 1315 1061 1372 regum
1084 1315 1117 1355 so
1138 1297 1307 1356 excessisse

254 1411 283 1455 10
299 1399 472 1476 fastigium,
485 1399 626 1458 divinam
641 1418 681 1458 ex
695 1418 731 1458 eo
746 1400 943 1459 maiestatem
959 1419 1097 1460 asserere
1112 1401 1173 1462 sibi
1187 1401 1306 1479 coepit;

299 1505 434 1582 datoque
449 1505 576 1579 negotio
589 1509 625 1563 ut
646 1505 814 1564 simulacra
830 1505 996 1564 numinum
1016 1505 1167 1580 religione
1188 1513 1221 1565 et
1241 1511 1307 1566 arte

299 1609 467 1687 praeclara,
498 1609 581 1668 inter
610 1627 689 1686 quae
718 1608 861 1687 Olympii
896 1610 992 1684 Iovis,
1022 1616 1264 1688 apportarentur
1291 1631 1308 1671 e

300 1715 439 1790 Graecia,
462 1715 576 1793 quibus
598 1715 701 1793 capite
723 1714 850 1793 dempto
872 1734 963 1775 suum
985 1715 1169 1793 imponeret,
1187 1723 1308 1794 partem

298 1820 415 1880 Palatii
430 1820 471 1880 ad
485 1819 590 1879 forum
604 1839 704 1897 usque
722 1820 888 1897 promovit,
904 1827 999 1898 atque
1019 1821 1094 1880 aede
1117 1821 1255 1882 Castoris
1276 1829 1308 1881 et

253 1934 282 1979 15
299 1925 438 1984 Pollucis
467 1924 501 1983 in
528 1924 719 1984 vestibulum
748 1925 981 2001 transfigurata,
1012 1926 1187 1986 consistens
1216 1945 1307 2004 saepe

299 2031 381 2089 inter
409 2030 525 2089 fratres
553 2029 637 2104 deos,
666 2030 805 2090 medium
834 2031 1029 2090 adorandum
1057 2049 1090 2090 se
1119 2031 1307 2091 adeuntibus
1345 2101 1348 2116 ,

299 2135 484 2210 exhibebat3
513 2135 696 2212 etquidem
717 2154 787 2194 eum
819 2138 978 2196 Latiarem
1006 2138 1108 2196 Iouem
1137 2137 1308 2196 consaluta

299 2245 381 2300 runt.
424 2239 591 2317 Templum
616 2241 712 2300 etiam
737 2240 861 2299 numini
886 2260 942 2301 suo
962 2241 1125 2318 proprium
1152 2247 1185 2300 ct
1212 2260 1308 2302 sacer-

298 2346 387 2406 dotes
412 2351 445 2404 et
469 2344 753 2419 excogitatissimas
777 2345 898 2405 hostias
924 2345 1075 2407 instituit.
1125 2347 1165 2405 In
1190 2346 1308 2424 templo

252 2463 282 2508 ao
299 2450 501 2510 simulacrum
538 2450 641 2509 stabat
676 2468 803 2509 aureum
842 2450 1006 2525 iconicum,
1043 2452 1307 2528 amiciebaturque

298 2555 413 2616 cotidie
434 2560 531 2630 veste,
547 2554 634 2631 quali
653 2554 721 2632 ipse
741 2561 890 2614 uteretur.
935 2556 1121 2631 Magisteria
1142 2557 1307 2616 sacerdotii

297 2661 474 2722 ditissimus
499 2660 633 2737 quisque
657 2665 689 2718 et
713 2660 884 2720 ambitione
908 2667 941 2721 ct
968 2661 1143 2721 licitatione
1170 2663 1308 2722 maxima

297 2766 419 2826 vicibus
441 2765 672 2843 comparabant.
724 2767 858 2825 Hostiae
879 2773 969 2826 erant
990 2766 1235 2845 phoenicopteri,
1257 2787 1308 2845 pa

297 2889 402 2946 venes,
418 2876 585 2945 tetraonas,
602 2870 781 2929 numidicae
799 2871 1012 2947 meleagrides,
1028 2872 1208 2949 phasianae,
1227 2891 1306 2949 quae

251 2988 280 3034 ro
297 2957 470 3054 generatim
487 2995 542 3053 per
563 2975 703 3051 singulos
720 2975 787 3036 dies
809 2975 1054 3036 immolarentur.
1097 2979 1141 3037 Et
1162 2977 1306 3037 noctibus

297 3081 425 3159 quidem
449 3081 575 3158 plenam
600 3081 838 3160 fulgentemque
863 3082 970 3141 lunam
995 3083 1152 3142 invitabat
1180 3082 1306 3142 assidue

297 3186 332 3245 in
350 3186 514 3264 amplexus
536 3192 631 3263 atque
652 3187 862 3262 concubitum,
878 3187 1016 3246 interdiu
1030 3207 1105 3247 vero
1126 3207 1197 3247 curn
1218 3187 1308 3265 Capi·

296 3291 397 3351 telino
424 3293 500 3351 Iove
528 3297 648 3352 secreto
676 3292 885 3367 fabulabatur,
914 3293 1020 3352 modo,
1038 3293 1238 3353 insusurrans
1271 3311 1306 3352 ac

296 3397 448 3474 praebens
466 3397 500 3456 in
517 3397 617 3457 vicem
635 3417 751 3473 aurem,
766 3398 859 3457 modo
880 3398 995 3458 clarius
1016 3417 1073 3458 nec
1096 3398 1163 3458 sine
1185 3397 1304 3473 iurgiis.

250 3515 279 3560 30
296 3504 380 3562 Nam
394 3522 456 3562 vox
479 3502 700 3564 comminantis
722 3503 831 3562 audita
848 3509 913 3562 est:
931 3504 973 3562 Ἤ
991 3503 1020 3580 μ’
1035 3503 1135 3583 ἀνάειρ’
1149 3501 1167 3582 ἢ
1185 3505 1240 3584 ἐγὼ
1254 3504 1290 3563 σε’
1299 3524 1305 3537 ·

296 3609 395 3668 donec
420 3614 574 3684 exoratus,
597 3614 633 3668 ut
657 3609 823 3683 referebat,
846 3614 878 3668 et
900 3608 934 3667 in
958 3609 1198 3669 contubernium
1222 3609 1306 3668 ultro

297 3713 463 3789 invitatus,
479 3731 571 3791 super
585 3713 739 3791 templum
754 3713 830 3772 Divi
844 3713 984 3789 Augusti
997 3720 1093 3791 ponte
1111 3713 1305 3789 transmisso,
