3078 4380
283 285 325 350 18
360 299 389 350 c.
413 297 569 349 suurom
591 297 822 360 russonum
846 298 895 347 nr
915 297 1007 348 vnn
1030 298 1234 350 causantur

280 475 335 529 aut
349 469 442 529 officii
457 475 512 530 aut
529 469 647 546 negotii
664 489 759 530 causa
777 469 817 530 ad
838 469 983 529 lecticam
1004 489 1093 530 suam
1114 471 1286 547 admiserit,

505 575 699 634 consularem
721 592 803 648 vcro,
823 575 1071 634 satisfacientem
1093 575 1154 634 sibi
1175 595 1211 636 ac
1232 595 1287 655 per

279 654 442 786 fflss’m
505 698 606 756 genua
620 697 707 738 orare
721 686 895 753 conantem,
911 679 1137 755 itasuffugerit
1151 687 1188 740 ut
1202 682 1287 742 cade-

504 791 553 845 ret
568 784 713 862 supinus;
735 789 830 861 atque
846 784 950 859 etiam,
963 785 991 843 si
1006 784 1082 860 quid
1097 784 1131 843 in
1146 805 1286 848 sermone

249 891 330 955 svel
355 891 387 950 in
413 891 563 951 continua
586 889 727 949 oratione
751 888 898 949 blandius
922 890 960 949 de
982 908 1015 949 se
1037 889 1202 966 diceretur,
1223 911 1286 952 non

280 996 438 1056 dubitaret
453 994 654 1073 interpellare
669 1013 704 1054 ac
718 993 944 1072 reprehendere
961 1000 993 1054 et
1009 1002 1199 1056 commutare
1218 1016 1287 1057 con-

279 1101 377 1160 tinuo.
420 1103 571 1161 Dominus
598 1099 775 1178 appellatus
805 1119 824 1159 a
848 1100 993 1177 quodam,
1020 1100 1220 1161 denuntiavit
1247 1123 1286 1163 ne

280 1224 313 1265 se
332 1205 469 1284 amplius
487 1205 694 1265 contumeliae
711 1223 806 1264 causa
827 1205 1010 1278 nominaret.
1053 1205 1164 1264 Alium
1185 1208 1287 1267 dieen-

279 1316 343 1370 tem
359 1329 462 1370 sacras
478 1311 545 1384 eius
563 1310 781 1388 occupationes
800 1316 833 1368 et
850 1329 958 1370 rursus
980 1309 1087 1385 alium,
1103 1317 1228 1372 auctore
1250 1331 1286 1372 eo

234 1431 263 1476 ro
280 1421 424 1476 senatum
439 1435 471 1476 se
486 1417 599 1492 adisse,
615 1417 710 1475 verba
723 1421 845 1474 mutare
861 1421 894 1475 et
907 1434 962 1493 pro
978 1422 1102 1475 auctore
1118 1436 1285 1494 suasorem,

279 1540 335 1599 pro
350 1521 446 1581 sacris
461 1522 633 1582 laboriosas
648 1521 749 1579 dicere
765 1519 875 1595 coegit.
920 1521 981 1579 Sed
1000 1527 1032 1579 ct
1050 1521 1199 1582 adversus
1218 1542 1286 1582 oon·
1301 1531 1339 1582 28

278 1626 360 1686 vicia
375 1627 536 1704 malosque
550 1643 688 1685 rumores
704 1630 735 1683 et
752 1625 875 1685 famosa
894 1625 932 1684 de
950 1643 982 1684 se
1004 1644 1039 1684 ac
1061 1627 1126 1686 suis
1147 1629 1287 1688 carmina

278 1773 399 1820 maedan
504 1731 613 1790 firmus
634 1748 670 1789 ac
691 1729 825 1807 paticus,
848 1729 981 1789 subinde
1002 1730 1149 1806 iactabat,
1166 1737 1198 1790 in
1218 1737 1286 1792 ciui

278 1847 304 1894 of
318 1850 411 1907 speech
504 1845 562 1896 tate
590 1838 685 1894 libera
712 1837 849 1911 iinpuam
874 1843 1057 1910 mentemque
1086 1838 1197 1895 liberas
1224 1857 1286 1898 esse

234 1923 414 1998 151)Θῐῐιιὶῒῒθᾱ
504 1943 607 2000 debere
614 1959 627 2013 ;
652 1944 684 1998 et
702 1939 859 2016 quondam
883 1945 993 1998 senatu
1015 1941 1223 2016 cognitionem
1246 1943 1285 2002 de

279 2047 347 2107 eius
379 2045 465 2105 modi
493 2044 675 2105 criminibus
704 2062 739 2102 ac
767 2043 830 2103 reis
858 2043 1030 2119 flagitante,
1060 2047 1131 2104 Non
1159 2056 1285 2122 tantum,

279 2151 393 2227 inquit,
418 2155 473 2210 otii
497 2153 649 2223 habemns,
675 2158 708 2208 ut
732 2151 888 2224 implicare
912 2169 967 2207 nos
993 2152 1135 2224 plu-ribus
1162 2156 1287 2228 nepotiis

279 2259 438 2315 debeamus
444 2275 457 2330 ,·
486 2259 515 2314 si
535 2257 612 2314 hanc
626 2257 796 2330 fenestram
817 2257 1005 2329 aperueritis,
1028 2257 1105 2314 nibil
1129 2259 1215 2316 atiud
1236 2261 1287 2334 api

217 2429 219 2433 ¹
279 2365 402 2420 sinetis:
425 2365 561 2421 omnium
575 2363 755 2418 inimicitiae
775 2361 827 2417 hoc
843 2367 997 2434 praetento
1019 2364 1060 2418 ad
1081 2381 1136 2419 nos
1157 2365 1287 2438 deserere

233 2482 262 2527 ao
278 2478 335 2526 tur.
378 2469 494 2527 Exstat
508 2473 540 2525 et
555 2485 656 2526 sermo
670 2466 738 2524 eius
750 2465 783 2522 in
799 2470 910 2524 senatu
927 2465 1104 2542 percivilis:
1128 2468 1287 2543 Siquidem

279 2576 393 2632 iocatus
414 2575 503 2631 aliter
520 2575 627 2648 fuerit,
649 2573 728 2628 dabo
752 2589 877 2645 operam
901 2579 934 2628 ut
961 2575 1110 2630 rationem
1132 2576 1287 2648 factorum

278 2697 413 2737 meorum
434 2681 639 2751 dictorumque
660 2678 805 2748 reddam·
834 2679 862 2733 si
877 2680 1123 2752 perseveraverit,
1141 2681 1173 2736 in
1193 2682 1288 2738 uicem

279 2802 347 2841 eum
362 2786 459 2842 odere.

319 2888 425 2964 Atque
440 2887 517 2946 haec
532 2905 568 2946 eo
582 2885 773 2946 notabiliora
786 2890 886 2960 erant,
898 2885 982 2963 quod
998 2884 1065 2963 ipse
1081 2885 1114 2944 in
1129 2888 1287 2965 appellan-
1301 2905 1339 2956 29

234 3013 262 3058 25
506 2991 556 3051 dis
580 2989 831 3067 venerandisque
855 2996 888 3048 et
913 2990 1047 3066 singulis
1073 2996 1105 3050 et
1129 2993 1286 3054 universis

279 3076 441 3197 {mm
507 3115 602 3173 prope
622 3099 798 3154 excesserat
814 3093 1024 3154 humanitatis
1039 3097 1174 3156 modum.
1218 3099 1288 3158 Dis-

507 3199 646 3260 sentiens
665 3199 700 3257 in
719 3198 806 3258 curia
825 3199 1224 3278 cartennensium,
1243 3204 1288 3262 in·

280 3305 359 3382 quit,
374 3325 454 3382 rope,
470 3309 498 3363 si
512 3308 585 3380 quid
599 3307 743 3362 aduersus
761 3314 788 3362 te
807 3305 931 3362 liberius
945 3307 1021 3363 sicut
1038 3315 1158 3366 senator
1174 3311 1285 3368 dinero.

279 3411 322 3469 Et
337 3410 449 3469 deinde
465 3409 567 3468 omnis
586 3408 773 3484 adloquens:
796 3409 873 3468 Diui
894 3418 921 3467 et
941 3429 1022 3469 nunc
1042 3419 1070 3469 et
1090 3431 1177 3488 saepe
1199 3415 1286 3488 alias,

235 3534 264 3578 30
281 3524 385 3590 patres
405 3517 572 3589 conscripti,
588 3516 699 3571 bonum
715 3521 741 3571 et
762 3515 926 3572 salutarem
937 3518 1117 3590 principem,
1133 3537 1220 3592 quem
1236 3539 1287 3578 uos

281 3629 365 3679 tanta
390 3628 501 3678 ettam
524 3620 619 3676 libera
641 3627 788 3693 potestate
813 3621 1008 3693 instruaistis,
1034 3627 1154 3680 senatui
1177 3627 1287 3682 seruire
1328 3619 1334 3632 '

281 3727 383 3784 debere
414 3731 441 3782 et
471 3727 622 3782 uniuersis
656 3726 770 3783 ciuibus
804 3741 900 3798 saepe,
933 3733 959 3782 et
988 3727 1166 3800 plerumque
1197 3732 1287 3788 etiam
