3106 4378
771 132 784 164 0

507 321 622 373 amsa
644 321 695 374 Ν.
746 320 776 374 c.
802 321 999 375 ostreum.
1217 311 1262 376 65

251 515 285 558 se
299 501 499 574 recepturum
514 495 667 572 stetitque
681 495 715 554 in
726 494 884 557 vestibulo
895 496 1021 556 aedium
1035 495 1090 556 Kl.
1103 496 1260 556 Ianuariis

250 603 291 662 ad
319 601 492 678 captandas
521 600 629 678 stipes,
651 619 729 678 quas
747 599 850 678 plenis
872 605 944 660 ante
966 619 1038 660 eum
1059 601 1203 668 manibus
1225 620 1261 663 ac

251 708 323 768 sinu
338 706 442 777 ¹omnis
463 705 585 781 generis
604 705 697 765 turba
718 706 879 766 fundebat.
922 705 1035 767 Novis-

251 815 329 875 sime
343 812 586 872 contrectandae
601 811 751 889 pccuniae
771 811 918 890 cupidine
933 811 1035 871 incen-

251 939 313 995 sus,
328 935 420 996 saepe
436 935 529 995 super
544 917 713 978 immensos
728 935 892 978 aureorum
900 935 1029 978 acervos
1040 915 1260 995 patentissimo
1275 927 1291 972 s

250 1024 382 1085 diffusos
403 1023 471 1083 loco
493 1028 526 1082 et
546 1022 641 1082 nudis
661 1022 794 1100 pedibus
816 1022 972 1100 spatiatus
995 1028 1027 1083 et
1047 1027 1115 1082 teto
1132 1040 1259 1100 corpore

250 1128 446 1207 aliquamdiu
467 1127 628 1188 volutatus
650 1133 708 1188 est.

199 1240 236 1293 4³
289 1234 442 1294 Militiam
457 1252 570 1310 resque
583 1232 713 1294 bellicas
735 1233 832 1293 semel
853 1233 969 1309 attigit,
983 1251 1085 1310 neque
1106 1251 1145 1292 ex
1165 1232 1260 1293 desti-

249 1345 333 1416 nato,
355 1340 411 1400 sed
432 1358 502 1399 cum
525 1338 566 1398 ad
586 1338 752 1398 visendum
772 1356 884 1398 nemus
905 1337 1084 1414 flumenque
1105 1337 1260 1398 Clitumni

249 1445 430 1506 Mevaniam
455 1442 669 1521 processisset,
693 1442 873 1503 admonitus
898 1444 938 1503 de
964 1463 1034 1520 sup
1276 1450 1306 1496 10

249 1549 366 1629 plendo
393 1567 524 1621 numero
552 1550 754 1623 Batavorum,
783 1567 861 1626 quos
889 1548 972 1608 circa
999 1567 1033 1608 se
1058 1519 1230 1654 ἓξὲξ

249 1656 393 1730 habebat,
416 1653 630 1732 expeditionis
652 1653 858 1713 Germanicae
879 1653 1033 1731 impetum

249 1761 349 1838 cepit3
371 1777 474 1837 neque
490 1758 626 1834 distulit,
642 1758 698 1819 sed
719 1757 895 1834 legionibus
916 1763 949 1818 et
970 1757 1098 1820 auxiliis
1119 1759 1259 1836 undique

250 1865 371 1941 excitis,
390 1864 560 1925 dilectibus
582 1863 699 1940 ubique
719 1863 920 1924 acerbissime
941 1863 1031 1939 actis,
1047 1869 1206 1924 contracto
1227 1870 1259 1925 et

1060 769 1231 830 suarum
1260 749 1263 758 '

250 1970 351 2032 omnis
366 1970 490 2047 generis
506 1973 683 2028 commeatu
697 1973 815 2045 quanto
829 1987 1001 2046 numquam
1016 1974 1118 2044 antea,
1133 1969 1195 2028 iter
1215 1968 1259 2028 in·
1275 1980 1304 2025 15

250 2095 375 2153 gressus
392 2081 441 2136 est
461 2073 660 2151 confecitque
674 2073 768 2134 modo
788 2078 854 2133 tam
875 2073 1067 2134 festinanter
1087 2079 1120 2134 et
1140 2073 1258 2152 rapide,

249 2188 285 2243 ut
305 2179 522 2260 praetorianae
544 2179 687 2240 cohortes
709 2184 819 2239 contra
845 2197 963 2239 morem
992 2179 1083 2256 signa
1109 2179 1258 2240 iumentis

249 2288 409 2365 imponere
423 2290 456 2345 et
470 2284 518 2345 ita
535 2283 685 2361 subsequi
705 2289 899 2360 cogerentur,
914 2284 1075 2344 interdum
1096 2284 1173 2344 adeo
1194 2304 1259 2361 seg-

248 2393 333 2452 niter
347 2396 379 2452 et
393 2390 536 2466 delicate,
551 2395 590 2449 ut
608 2389 778 2466 octaphoro
791 2389 969 2465 veheretur,
984 2395 1079 2467 atque
1095 2409 1115 2450 a
1135 2389 1259 2468 propin-

249 2515 381 2575 quarum
396 2495 522 2556 urbium
537 2494 628 2572 plebe
642 2494 727 2554 verri
741 2493 802 2554 sibi
816 2493 885 2554 vias
900 2499 932 2553 et
945 2494 1111 2572 conspergi
1131 2500 1259 2573 propter
1275 2507 1305 2552 ao
1426 2576 1428 2580 ι

249 2602 411 2680 pulverem
426 2599 574 2676 exigeret.

197 2722 236 2772 44
289 2709 464 2784 Postquam
475 2711 580 2765 castra
594 2703 711 2781 attigit,
722 2709 760 2764 ut
773 2723 807 2765 se
821 2722 925 2764 acrem
938 2723 975 2765 ac
989 2722 1131 2765 severum
1147 2705 1259 2765 ducem

249 2811 437 2886 ostenderet,
463 2811 593 2887 legatos,
617 2808 672 2886 qui
696 2809 816 2870 auxilia
837 2809 936 2870 serius
958 2828 997 2868 ex
1022 2809 1156 2870 diversis
1180 2809 1258 2872 locis

249 2907 454 2992 adduxerant,
470 2934 541 2975 cum
557 2915 731 2991 ignominia
745 2914 885 2990 dimisit3
907 2921 940 2975 at
953 2915 988 2974 in
1002 2915 1144 2975 exercitu
1157 2933 1259 2976 recen-

250 3023 356 3098 senda,
376 3021 535 3100 plerisque
557 3020 776 3081 centurionum
798 3020 930 3082 maturis
951 3020 1024 3096 iam,
1045 3026 1076 3081 et
1097 3020 1258 3082 nonnullis
1274 3037 1304 3082 ao

249 3132 323 3189 ante
337 3127 544 3206 paucissimos
557 3147 652 3205 quam
666 3125 914 3188 consummaturi
928 3131 1033 3188 essent
1048 3126 1125 3202 dies,
1140 3126 1258 3204 primos

248 3232 331 3310 pilos
346 3233 473 3309 ademit,
486 3238 632 3294 causatus
646 3233 768 3294 senium
779 3232 931 3310 cuiusque
947 3239 978 3292 et
992 3231 1257 3310 imbecillitatem3

250 3343 423 3398 ceterorum
434 3337 590 3417 increpita
600 3338 782 3416 cupiditate,
793 3339 956 3399 commoda
965 3338 1115 3400 emeritae
1123 3337 1258 3399 militiae

250 3442 291 3502 ad
305 3446 544 3503 sescentorum*
562 3444 686 3504 milium
702 3463 854 3504 summam
876 3443 996 3504 recidit.
1038 3443 1132 3505 Nihil
1152 3449 1258 3504 autem

250 3547 387 3625 amplius
411 3567 506 3625 quam
528 3548 679 3608 Adminio
702 3548 903 3627 Cynobellini
926 3549 1150 3610 Britannorum
1175 3545 1304 3625 regisse

250 3652 326 3726 filie,
346 3653 401 3730 qui
420 3653 531 3730 pulsus
553 3672 572 3713 a
588 3659 677 3730 patre
699 3672 770 3713 cum
791 3653 905 3729 exigua
921 3673 1016 3714 manu
1033 3655 1257 3730 transfugerat,

250 3757 285 3818 in
312 3756 506 3818 deditionem
537 3763 671 3835 recepto,
699 3757 791 3835 quasi
817 3758 966 3819 universa
991 3759 1111 3819 tradita
1143 3758 1258 3834 insula,
