<?xml version="1.0" encoding="UTF-8"?>
<!DOCTYPE html PUBLIC "-//W3C//DTD XHTML 1.0 Transitional//EN"
    "http://www.w3.org/TR/xhtml1/DTD/xhtml1-transitional.dtd">
<html xmlns="http://www.w3.org/1999/xhtml" xml:lang="en" lang="en">
 <head>
  <title>
</title>
<meta http-equiv="Content-Type" content="text/html;charset=utf-8" />
  <meta name='ocr-system' content='tesseract 3.04.00' />
  <meta name='ocr-capabilities' content='ocr_page ocr_carea ocr_par ocr_line ocrx_word'/>
</head>
<body>
  <div class='ocr_page' id='page_1' title='image "./gaisuetonitranq01pikegoog_0124.png"; bbox 0 0 3106 4378; ppageno 0'>
   <div class='ocr_carea' id='block_1_1' title="bbox 294 283 1245 356">
    <p class='ocr_par' dir='ltr' id='par_1_1' title="bbox 294 283 1245 356">
     <span class='ocr_line' id='line_1_1' title="bbox 294 283 1245 356; baseline -0.001 -8"><span class='ocrx_word' id='word_1_1' title='bbox 294 283 336 348; x_wconf 82' lang='lat'>92</span> <span class='ocrx_word' id='word_1_2' title='bbox 370 295 401 348; x_wconf 90' lang='lat' dir='ltr'>o.</span> <span class='ocrx_word' id='word_1_3' title='bbox 424 294 581 346; x_wconf 83' lang='lat' dir='ltr'>sunroru</span> <span class='ocrx_word' id='word_1_4' title='bbox 603 293 832 356; x_wconf 73' lang='lat' dir='ltr'>mansurum</span> <span class='ocrx_word' id='word_1_5' title='bbox 854 295 903 344; x_wconf 84' lang='lat' dir='ltr'>nr</span> <span class='ocrx_word' id='word_1_6' title='bbox 927 295 1019 345; x_wconf 75' lang='lat' dir='ltr'>vrrs</span> <span class='ocrx_word' id='word_1_7' title='bbox 1043 295 1245 348; x_wconf 70' lang='lat' dir='ltr'>cansarum</span> 
     </span>
    </p>
   </div>
   <div class='ocr_carea' id='block_1_2' title="bbox 221 467 1430 3811">
    <p class='ocr_par' dir='ltr' id='par_1_2' title="bbox 221 467 1430 3811">
     <span class='ocr_line' id='line_1_2' title="bbox 294 467 1300 556; baseline -0.001 -27"><span class='ocrx_word' id='word_1_8' title='bbox 294 488 424 548; x_wconf 86' lang='lat' dir='ltr'>eamque</span> <span class='ocrx_word' id='word_1_9' title='bbox 448 469 517 546; x_wconf 88' lang='lat' dir='ltr'>ipse</span> <span class='ocrx_word' id='word_1_10' title='bbox 541 469 608 528; x_wconf 89' lang='lat' dir='ltr'>iure</span> <span class='ocrx_word' id='word_1_11' title='bbox 629 467 759 528; x_wconf 84' lang='lat' dir='ltr'>maximi</span> <span class='ocrx_word' id='word_1_12' title='bbox 786 467 945 545; x_wconf 88' lang='lat' dir='ltr'>pontificis</span> <span class='ocrx_word' id='word_1_13' title='bbox 974 467 1161 556; x_wconf 77' lang='lat' dir='ltr'>prorostris</span> <span class='ocrx_word' id='word_1_14' title='bbox 1183 469 1300 548; x_wconf 89' lang='lat' dir='ltr'>populo</span> 
     </span>
     <span class='ocr_line' id='line_1_3' title="bbox 294 574 1239 654; baseline -0.001 -19"><span class='ocrx_word' id='word_1_15' title='bbox 294 575 431 654; x_wconf 82' lang='lat' dir='ltr'>praeiret</span> <span class='ocrx_word' id='word_1_16' title='bbox 445 579 661 652; x_wconf 81' lang='lat' dir='ltr'><strong>summotaque</strong></span> <span class='ocrx_word' id='word_1_17' title='bbox 676 574 888 651; x_wconf 80' lang='lat' dir='ltr'>operariorum</span> <span class='ocrx_word' id='word_1_18' title='bbox 903 593 1124 651; x_wconf 88' lang='lat' dir='ltr'>servorumque</span> <span class='ocrx_word' id='word_1_19' title='bbox 1139 575 1239 635; x_wconf 84' lang='lat' dir='ltr'>turba</span> 
     </span>
     <span class='ocr_line' id='line_1_4' title="bbox 335 671 1430 760; baseline 0 -20"><span class='ocrx_word' id='word_1_20' title='bbox 335 681 452 740; x_wconf 82' lang='lat' dir='ltr'>Rerum</span> <span class='ocrx_word' id='word_1_21' title='bbox 473 684 588 753; x_wconf 91' lang='lat' dir='ltr'>actum,</span> <span class='ocrx_word' id='word_1_22' title='bbox 603 678 742 739; x_wconf 85' lang='lat' dir='ltr'>divisum</span> <span class='ocrx_word' id='word_1_23' title='bbox 763 679 911 739; x_wconf 81' lang='lat' dir='ltr'>antesin</span> <span class='ocrx_word' id='word_1_24' title='bbox 931 679 1079 739; x_wconf 89' lang='lat' dir='ltr'>hibernos</span> <span class='ocrx_word' id='word_1_25' title='bbox 1100 680 1299 760; x_wconf 80' lang='lat' dir='ltr'>aestiuosque</span> <span class='ocrx_word' id='word_1_26' title='bbox 1313 691 1351 742; x_wconf 80' lang='lat'>23</span> <span class='ocrx_word' id='word_1_27' title='bbox 1427 671 1430 678; x_wconf 68' lang='grc'><strong><em>’</em></strong></span> 
     </span>
     <span class='ocr_line' id='line_1_5' title="bbox 295 783 1298 862; baseline 0.001 -17"><span class='ocrx_word' id='word_1_28' title='bbox 295 804 426 860; x_wconf 89' lang='lat' dir='ltr'>menses,</span> <span class='ocrx_word' id='word_1_29' title='bbox 442 783 613 844; x_wconf 85' lang='lat' dir='ltr'>coniunxit.</span> <span class='ocrx_word' id='word_1_30' title='bbox 663 783 747 844; x_wconf 89' lang='lat' dir='ltr'>Iuris</span> <span class='ocrx_word' id='word_1_31' title='bbox 768 783 939 844; x_wconf 90' lang='lat' dir='ltr'>dictionem</span> <span class='ocrx_word' id='word_1_32' title='bbox 960 785 998 844; x_wconf 91' lang='lat' dir='ltr'>de</span> <span class='ocrx_word' id='word_1_33' title='bbox 1019 784 1094 844; x_wconf 90' lang='lat' dir='ltr'>fidei</span> <span class='ocrx_word' id='word_1_34' title='bbox 1115 785 1298 862; x_wconf 89' lang='lat' dir='ltr'>commissis,</span> 
     </span>
     <span class='ocr_line' id='line_1_6' title="bbox 263 889 1300 968; baseline 0.001 -20"><span class='ocrx_word' id='word_1_35' title='bbox 263 903 279 948; x_wconf 79' lang='lat' dir='ltr'><strong>o</strong></span> <span class='ocrx_word' id='word_1_36' title='bbox 521 889 691 968; x_wconf 76' lang='lat' dir='ltr'><strong>quotannis</strong></span> <span class='ocrx_word' id='word_1_37' title='bbox 705 897 737 949; x_wconf 91' lang='lat' dir='ltr'>et</span> <span class='ocrx_word' id='word_1_38' title='bbox 751 894 876 949; x_wconf 90' lang='lat' dir='ltr'>tantum</span> <span class='ocrx_word' id='word_1_39' title='bbox 897 889 931 948; x_wconf 93' lang='lat' dir='ltr'>in</span> <span class='ocrx_word' id='word_1_40' title='bbox 951 890 1027 950; x_wconf 93' lang='lat' dir='ltr'>urbe</span> <span class='ocrx_word' id='word_1_41' title='bbox 1047 889 1184 965; x_wconf 87' lang='lat' dir='ltr'>delegari</span> <span class='ocrx_word' id='word_1_42' title='bbox 1205 891 1300 966; x_wconf 87' lang='lat' dir='ltr'>magi-</span> 
     </span>
     <span class='ocr_line' id='line_1_7' title="bbox 221 973 1299 1094; baseline 0 -38"><span class='ocrx_word' id='word_1_43' title='bbox 221 1003 226 1011; x_wconf 89' lang='grc'><strong>“</strong></span> <span class='ocrx_word' id='word_1_44' title='bbox 323 973 431 1094; x_wconf 41' lang='lat' dir='ltr'>{affl</span> <span class='ocrx_word' id='word_1_45' title='bbox 521 995 673 1056; x_wconf 90' lang='lat' dir='ltr'>stratibus</span> <span class='ocrx_word' id='word_1_46' title='bbox 688 994 823 1070; x_wconf 86' lang='lat' dir='ltr'>solitam,</span> <span class='ocrx_word' id='word_1_47' title='bbox 839 995 874 1054; x_wconf 93' lang='lat' dir='ltr'>in</span> <span class='ocrx_word' id='word_1_48' title='bbox 888 1001 1075 1072; x_wconf 87' lang='lat' dir='ltr'>perpetuum</span> <span class='ocrx_word' id='word_1_49' title='bbox 1089 1001 1183 1072; x_wconf 91' lang='lat' dir='ltr'>atque</span> <span class='ocrx_word' id='word_1_50' title='bbox 1203 996 1299 1056; x_wconf 89' lang='lat' dir='ltr'>etiam</span> 
     </span>
     <span class='ocr_line' id='line_1_8' title="bbox 520 1098 1297 1179; baseline 0.001 -20"><span class='ocrx_word' id='word_1_51' title='bbox 520 1119 577 1179; x_wconf 93' lang='lat' dir='ltr'>per</span> <span class='ocrx_word' id='word_1_52' title='bbox 613 1098 792 1178; x_wconf 87' lang='lat' dir='ltr'>provincias</span> <span class='ocrx_word' id='word_1_53' title='bbox 835 1099 1045 1178; x_wconf 77' lang='lat' dir='ltr'><strong>potestatibus</strong></span> <span class='ocrx_word' id='word_1_54' title='bbox 1088 1101 1297 1161; x_wconf 85' lang='lat' dir='ltr'>demandavit.</span> 
     </span>
     <span class='ocr_line' id='line_1_9' title="bbox 296 1203 1301 1284; baseline -0.002 -18"><span class='ocrx_word' id='word_1_55' title='bbox 296 1206 401 1284; x_wconf 81' lang='lat' dir='ltr'>Capiti</span> <span class='ocrx_word' id='word_1_56' title='bbox 412 1206 531 1284; x_wconf 83' lang='lat' dir='ltr'>Papiae</span> <span class='ocrx_word' id='word_1_57' title='bbox 541 1207 707 1283; x_wconf 85' lang='lat' dir='ltr'>Poppaeae</span> <span class='ocrx_word' id='word_1_58' title='bbox 718 1203 797 1280; x_wconf 85' lang='lat' dir='ltr'>legis</span> <span class='ocrx_word' id='word_1_59' title='bbox 809 1223 828 1264; x_wconf 92' lang='lat' dir='ltr'>a</span> <span class='ocrx_word' id='word_1_60' title='bbox 842 1203 968 1264; x_wconf 83' lang='lat' dir='ltr'>Tiberio</span> <span class='ocrx_word' id='word_1_61' title='bbox 979 1206 1120 1281; x_wconf 84' lang='lat' dir='ltr'>Caesare,</span> <span class='ocrx_word' id='word_1_62' title='bbox 1133 1206 1224 1283; x_wconf 89' lang='lat' dir='ltr'>quasi</span> <span class='ocrx_word' id='word_1_63' title='bbox 1236 1225 1301 1266; x_wconf 82' lang='lat' dir='ltr'>sex-</span> 
     </span>
     <span class='ocr_line' id='line_1_10' title="bbox 296 1310 1300 1388; baseline 0.001 -18"><span class='ocrx_word' id='word_1_64' title='bbox 296 1311 435 1386; x_wconf 85' lang='lat' dir='ltr'>agenarii</span> <span class='ocrx_word' id='word_1_65' title='bbox 451 1328 599 1388; x_wconf 86' lang='lat' dir='ltr'>generare</span> <span class='ocrx_word' id='word_1_66' title='bbox 617 1329 680 1369; x_wconf 93' lang='lat' dir='ltr'>non</span> <span class='ocrx_word' id='word_1_67' title='bbox 701 1316 839 1387; x_wconf 87' lang='lat' dir='ltr'>possent,</span> <span class='ocrx_word' id='word_1_68' title='bbox 855 1310 964 1370; x_wconf 86' lang='lat' dir='ltr'>addito</span> <span class='ocrx_word' id='word_1_69' title='bbox 979 1311 1151 1387; x_wconf 85' lang='lat' dir='ltr'>obrogavit.</span> <span class='ocrx_word' id='word_1_70' title='bbox 1189 1312 1300 1372; x_wconf 85' lang='lat' dir='ltr'>Sanxit</span> 
     </span>
     <span class='ocr_line' id='line_1_11' title="bbox 252 1415 1301 1495; baseline -0.003 -17"><span class='ocrx_word' id='word_1_71' title='bbox 252 1435 280 1478; x_wconf 92' lang='lat'>10</span> <span class='ocrx_word' id='word_1_72' title='bbox 296 1422 332 1475; x_wconf 94' lang='lat' dir='ltr'>ut</span> <span class='ocrx_word' id='word_1_73' title='bbox 356 1416 488 1495; x_wconf 90' lang='lat' dir='ltr'>pupillis</span> <span class='ocrx_word' id='word_1_74' title='bbox 509 1422 598 1476; x_wconf 87' lang='lat' dir='ltr'>extra</span> <span class='ocrx_word' id='word_1_75' title='bbox 620 1415 761 1475; x_wconf 86' lang='lat' dir='ltr'>ordinem</span> <span class='ocrx_word' id='word_1_76' title='bbox 790 1420 910 1475; x_wconf 89' lang='lat' dir='ltr'>tutores</span> <span class='ocrx_word' id='word_1_77' title='bbox 939 1435 958 1474; x_wconf 93' lang='lat' dir='ltr'>a</span> <span class='ocrx_word' id='word_1_78' title='bbox 986 1416 1166 1476; x_wconf 89' lang='lat' dir='ltr'>consulibus</span> <span class='ocrx_word' id='word_1_79' title='bbox 1195 1417 1301 1476; x_wconf 88' lang='lat' dir='ltr'>daren-</span> 
     </span>
     <span class='ocr_line' id='line_1_12' title="bbox 296 1520 1302 1599; baseline -0.001 -18"><span class='ocrx_word' id='word_1_80' title='bbox 296 1528 357 1597; x_wconf 92' lang='lat' dir='ltr'>tur,</span> <span class='ocrx_word' id='word_1_81' title='bbox 385 1527 482 1599; x_wconf 88' lang='lat' dir='ltr'>utque</span> <span class='ocrx_word' id='word_1_82' title='bbox 510 1521 543 1597; x_wconf 87' lang='lat' dir='ltr'>ii,</span> <span class='ocrx_word' id='word_1_83' title='bbox 565 1521 679 1599; x_wconf 88' lang='lat' dir='ltr'>quibus</span> <span class='ocrx_word' id='word_1_84' title='bbox 701 1540 720 1581; x_wconf 97' lang='lat' dir='ltr'>a</span> <span class='ocrx_word' id='word_1_85' title='bbox 740 1520 977 1597; x_wconf 85' lang='lat' dir='ltr'>magistratibus</span> <span class='ocrx_word' id='word_1_86' title='bbox 1001 1522 1180 1598; x_wconf 88' lang='lat' dir='ltr'>provinciae</span> <span class='ocrx_word' id='word_1_87' title='bbox 1208 1521 1302 1582; x_wconf 90' lang='lat' dir='ltr'>inter-</span> 
     </span>
     <span class='ocr_line' id='line_1_13' title="bbox 297 1625 1301 1705; baseline 0 -19"><span class='ocrx_word' id='word_1_88' title='bbox 297 1627 484 1703; x_wconf 82' lang='lat' dir='ltr'>dicerentur,</span> <span class='ocrx_word' id='word_1_89' title='bbox 499 1627 575 1687; x_wconf 92' lang='lat' dir='ltr'>urbe</span> <span class='ocrx_word' id='word_1_90' title='bbox 597 1645 721 1704; x_wconf 90' lang='lat' dir='ltr'>quoque</span> <span class='ocrx_word' id='word_1_91' title='bbox 742 1631 775 1684; x_wconf 90' lang='lat' dir='ltr'>et</span> <span class='ocrx_word' id='word_1_92' title='bbox 788 1625 886 1685; x_wconf 89' lang='lat' dir='ltr'>Italia</span> <span class='ocrx_word' id='word_1_93' title='bbox 906 1633 1184 1686; x_wconf 88' lang='lat' dir='ltr'>summoverentur.</span> <span class='ocrx_word' id='word_1_94' title='bbox 1227 1628 1301 1705; x_wconf 91' lang='lat' dir='ltr'>Ipse</span> 
     </span>
     <span class='ocr_line' id='line_1_14' title="bbox 297 1730 1302 1810; baseline 0 -18"><span class='ocrx_word' id='word_1_95' title='bbox 297 1733 448 1810; x_wconf 90' lang='lat' dir='ltr'>quosdam</span> <span class='ocrx_word' id='word_1_96' title='bbox 459 1751 540 1791; x_wconf 90' lang='lat' dir='ltr'>novo</span> <span class='ocrx_word' id='word_1_97' title='bbox 554 1731 698 1810; x_wconf 83' lang='lat' dir='ltr'>exemplo</span> <span class='ocrx_word' id='word_1_98' title='bbox 709 1730 869 1806; x_wconf 84' lang='lat' dir='ltr'>relegavit,</span> <span class='ocrx_word' id='word_1_99' title='bbox 880 1737 918 1790; x_wconf 94' lang='lat' dir='ltr'>ut</span> <span class='ocrx_word' id='word_1_100' title='bbox 927 1731 1013 1790; x_wconf 89' lang='lat' dir='ltr'>ultra</span> <span class='ocrx_word' id='word_1_101' title='bbox 1023 1731 1161 1808; x_wconf 90' lang='lat' dir='ltr'>lapidem</span> <span class='ocrx_word' id='word_1_102' title='bbox 1171 1732 1302 1792; x_wconf 88' lang='lat' dir='ltr'>tertium</span> 
     </span>
     <span class='ocr_line' id='line_1_15' title="bbox 296 1837 690 1914; baseline -0.003 -17"><span class='ocrx_word' id='word_1_103' title='bbox 296 1844 419 1898; x_wconf 90' lang='lat' dir='ltr'>vetaret</span> <span class='ocrx_word' id='word_1_104' title='bbox 433 1838 538 1914; x_wconf 86' lang='lat' dir='ltr'>egredi</span> <span class='ocrx_word' id='word_1_105' title='bbox 553 1837 593 1898; x_wconf 93' lang='lat' dir='ltr'>ab</span> <span class='ocrx_word' id='word_1_106' title='bbox 606 1837 690 1896; x_wconf 91' lang='lat' dir='ltr'>urbe.</span> 
     </span>
     <span class='ocr_line' id='line_1_16' title="bbox 253 1942 1303 2018; baseline 0 -16"><span class='ocrx_word' id='word_1_107' title='bbox 253 1958 281 2002; x_wconf 81' lang='lat'>15</span> <span class='ocrx_word' id='word_1_108' title='bbox 338 1944 385 2002; x_wconf 89' lang='lat' dir='ltr'>De</span> <span class='ocrx_word' id='word_1_109' title='bbox 404 1942 520 2002; x_wconf 90' lang='lat' dir='ltr'>maiore</span> <span class='ocrx_word' id='word_1_110' title='bbox 540 1942 666 2018; x_wconf 86' lang='lat' dir='ltr'>negotio</span> <span class='ocrx_word' id='word_1_111' title='bbox 685 1947 812 2002; x_wconf 89' lang='lat' dir='ltr'>acturus</span> <span class='ocrx_word' id='word_1_112' title='bbox 826 1942 861 2001; x_wconf 93' lang='lat' dir='ltr'>in</span> <span class='ocrx_word' id='word_1_113' title='bbox 875 1942 970 2018; x_wconf 87' lang='lat' dir='ltr'>curia,</span> <span class='ocrx_word' id='word_1_114' title='bbox 990 1942 1112 2002; x_wconf 91' lang='lat' dir='ltr'>medius</span> <span class='ocrx_word' id='word_1_115' title='bbox 1132 1943 1214 2002; x_wconf 89' lang='lat' dir='ltr'>inter</span> <span class='ocrx_word' id='word_1_116' title='bbox 1233 1962 1303 2002; x_wconf 92' lang='lat' dir='ltr'>con-</span> 
     </span>
     <span class='ocr_line' id='line_1_17' title="bbox 298 2047 1303 2108; baseline 0 0"><span class='ocrx_word' id='word_1_117' title='bbox 298 2047 403 2108; x_wconf 88' lang='lat' dir='ltr'>sulum</span> <span class='ocrx_word' id='word_1_118' title='bbox 418 2048 512 2108; x_wconf 87' lang='lat' dir='ltr'>sellas</span> <span class='ocrx_word' id='word_1_119' title='bbox 526 2047 696 2107; x_wconf 90' lang='lat' dir='ltr'>tribunicio</span> <span class='ocrx_word' id='word_1_120' title='bbox 711 2047 861 2108; x_wconf 87' lang='lat' dir='ltr'>subsellio</span> <span class='ocrx_word' id='word_1_121' title='bbox 876 2047 1012 2107; x_wconf 89' lang='lat' dir='ltr'>sedebat.</span> <span class='ocrx_word' id='word_1_122' title='bbox 1070 2047 1269 2108; x_wconf 84' lang='lat' dir='ltr'>Commeatus</span> <span class='ocrx_word' id='word_1_123' title='bbox 1284 2067 1303 2108; x_wconf 86' lang='lat' dir='ltr'>a</span> 
     </span>
     <span class='ocr_line' id='line_1_18' title="bbox 523 2150 1354 2230; baseline 0.001 -18"><span class='ocrx_word' id='word_1_124' title='bbox 523 2158 633 2229; x_wconf 81' lang='lat' dir='ltr'>senatu</span> <span class='ocrx_word' id='word_1_125' title='bbox 647 2152 714 2230; x_wconf 87' lang='lat' dir='ltr'>pati</span> <span class='ocrx_word' id='word_1_126' title='bbox 731 2152 841 2212; x_wconf 89' lang='lat' dir='ltr'>solitos</span> <span class='ocrx_word' id='word_1_127' title='bbox 856 2150 1001 2212; x_wconf 91' lang='lat' dir='ltr'>beneficii</span> <span class='ocrx_word' id='word_1_128' title='bbox 1016 2153 1064 2212; x_wconf 89' lang='lat' dir='ltr'>sui</span> <span class='ocrx_word' id='word_1_129' title='bbox 1079 2153 1165 2213; x_wconf 84' lang='lat' dir='ltr'>fecit.</span> <span class='ocrx_word' id='word_1_130' title='bbox 1208 2153 1303 2213; x_wconf 87' lang='lat' dir='ltr'>Orna-</span> <span class='ocrx_word' id='word_1_131' title='bbox 1316 2163 1354 2214; x_wconf 83' lang='lat'>24</span> 
     </span>
     <span class='ocr_line' id='line_1_19' title="bbox 523 2256 1304 2335; baseline 0.003 -19"><span class='ocrx_word' id='word_1_132' title='bbox 523 2263 630 2317; x_wconf 90' lang='lat' dir='ltr'>menta</span> <span class='ocrx_word' id='word_1_133' title='bbox 656 2257 833 2318; x_wconf 89' lang='lat' dir='ltr'>consularia</span> <span class='ocrx_word' id='word_1_134' title='bbox 855 2256 951 2316; x_wconf 88' lang='lat' dir='ltr'>etiam</span> <span class='ocrx_word' id='word_1_135' title='bbox 972 2258 1226 2335; x_wconf 82' lang='lat' dir='ltr'>procuratoribus</span> <span class='ocrx_word' id='word_1_136' title='bbox 1250 2259 1304 2318; x_wconf 91' lang='lat' dir='ltr'>du·</span> 
     </span>
     <span class='ocr_line' id='line_1_20' title="bbox 523 2361 1303 2439; baseline 0.001 -17"><span class='ocrx_word' id='word_1_137' title='bbox 523 2362 657 2424; x_wconf 83' lang='lat' dir='ltr'>senariis</span> <span class='ocrx_word' id='word_1_138' title='bbox 685 2362 827 2422; x_wconf 87' lang='lat' dir='ltr'>indulsit.</span> <span class='ocrx_word' id='word_1_139' title='bbox 893 2361 1087 2422; x_wconf 71' lang='lat' dir='ltr'>senatoriam</span> <span class='ocrx_word' id='word_1_140' title='bbox 1116 2364 1303 2439; x_wconf 87' lang='lat' dir='ltr'>dignitatem</span> 
     </span>
     <span class='ocr_line' id='line_1_21' title="bbox 252 2467 1302 2545; baseline -0.005 -14"><span class='ocrx_word' id='word_1_141' title='bbox 252 2486 282 2531; x_wconf 78' lang='lat' dir='ltr'>ao</span> <span class='ocrx_word' id='word_1_142' title='bbox 297 2467 514 2528; x_wconf 84' lang='lat' dir='ltr'>recusantibus</span> <span class='ocrx_word' id='word_1_143' title='bbox 533 2473 710 2545; x_wconf 88' lang='lat' dir='ltr'>equestrem</span> <span class='ocrx_word' id='word_1_144' title='bbox 725 2486 848 2545; x_wconf 90' lang='lat' dir='ltr'>quoque</span> <span class='ocrx_word' id='word_1_145' title='bbox 863 2467 989 2527; x_wconf 87' lang='lat' dir='ltr'>ademit.</span> <span class='ocrx_word' id='word_1_146' title='bbox 1039 2469 1153 2528; x_wconf 88' lang='lat' dir='ltr'>Latum</span> <span class='ocrx_word' id='word_1_147' title='bbox 1168 2469 1302 2544; x_wconf 86' lang='lat' dir='ltr'>olavum,</span> 
     </span>
     <span class='ocr_line' id='line_1_22' title="bbox 298 2559 1303 2649; baseline -0.001 -18"><span class='ocrx_word' id='word_1_148' title='bbox 298 2573 440 2649; x_wconf 86' lang='lat' dir='ltr'>quamvis</span> <span class='ocrx_word' id='word_1_149' title='bbox 451 2573 545 2632; x_wconf 91' lang='lat' dir='ltr'>initio</span> <span class='ocrx_word' id='word_1_150' title='bbox 563 2559 750 2634; x_wconf 86' lang='lat' dir='ltr'>affirmasset</span> <span class='ocrx_word' id='word_1_151' title='bbox 764 2592 827 2632; x_wconf 93' lang='lat' dir='ltr'>non</span> <span class='ocrx_word' id='word_1_152' title='bbox 841 2573 996 2633; x_wconf 89' lang='lat' dir='ltr'>lecturum</span> <span class='ocrx_word' id='word_1_153' title='bbox 1008 2593 1041 2634; x_wconf 88' lang='lat' dir='ltr'>se</span> <span class='ocrx_word' id='word_1_154' title='bbox 1053 2579 1228 2634; x_wconf 89' lang='lat' dir='ltr'>senatorem</span> <span class='ocrx_word' id='word_1_155' title='bbox 1240 2573 1303 2634; x_wconf 89' lang='lat' dir='ltr'>nisi</span> 
     </span>
     <span class='ocr_line' id='line_1_23' title="bbox 298 2677 1303 2757; baseline 0.001 -21"><span class='ocrx_word' id='word_1_156' title='bbox 298 2677 376 2737; x_wconf 84' lang='lat' dir='ltr'>civis</span> <span class='ocrx_word' id='word_1_157' title='bbox 391 2678 526 2737; x_wconf 85' lang='lat' dir='ltr'>Romani</span> <span class='ocrx_word' id='word_1_158' title='bbox 545 2679 739 2757; x_wconf 87' lang='lat' dir='ltr'>abnepotem,</span> <span class='ocrx_word' id='word_1_159' title='bbox 755 2679 851 2738; x_wconf 91' lang='lat' dir='ltr'>etiam</span> <span class='ocrx_word' id='word_1_160' title='bbox 870 2678 1012 2738; x_wconf 89' lang='lat' dir='ltr'>libertini</span> <span class='ocrx_word' id='word_1_161' title='bbox 1028 2678 1096 2738; x_wconf 89' lang='lat' dir='ltr'>filio</span> <span class='ocrx_word' id='word_1_162' title='bbox 1109 2679 1230 2754; x_wconf 90' lang='lat' dir='ltr'>tribuit,</span> <span class='ocrx_word' id='word_1_163' title='bbox 1248 2679 1303 2738; x_wconf 87' lang='lat' dir='ltr'>sad</span> 
     </span>
     <span class='ocr_line' id='line_1_24' title="bbox 299 2783 1397 2862; baseline 0.002 -20"><span class='ocrx_word' id='word_1_164' title='bbox 299 2783 357 2842; x_wconf 91' lang='lat' dir='ltr'>sub</span> <span class='ocrx_word' id='word_1_165' title='bbox 367 2783 550 2843; x_wconf 88' lang='lat' dir='ltr'>condicione</span> <span class='ocrx_word' id='word_1_166' title='bbox 565 2784 592 2843; x_wconf 92' lang='lat' dir='ltr'>si</span> <span class='ocrx_word' id='word_1_167' title='bbox 604 2784 692 2862; x_wconf 89' lang='lat' dir='ltr'>prius</span> <span class='ocrx_word' id='word_1_168' title='bbox 704 2785 743 2845; x_wconf 93' lang='lat' dir='ltr'>ab</span> <span class='ocrx_word' id='word_1_169' title='bbox 755 2785 860 2862; x_wconf 90' lang='lat' dir='ltr'>equite</span> <span class='ocrx_word' id='word_1_170' title='bbox 872 2786 1016 2844; x_wconf 82' lang='lat' dir='ltr'>Romano</span> <span class='ocrx_word' id='word_1_171' title='bbox 1026 2785 1194 2862; x_wconf 84' lang='lat' dir='ltr'>adoptatus</span> <span class='ocrx_word' id='word_1_172' title='bbox 1205 2789 1301 2861; x_wconf 84' lang='lat' dir='ltr'>esset3</span> <span class='ocrx_word' id='word_1_173' title='bbox 1396 2804 1397 2810; x_wconf 52' lang='lat'>¹</span> 
     </span>
     <span class='ocr_line' id='line_1_25' title="bbox 298 2889 1302 2968; baseline 0 -20"><span class='ocrx_word' id='word_1_174' title='bbox 298 2907 333 2948; x_wconf 87' lang='lat' dir='ltr'>ac</span> <span class='ocrx_word' id='word_1_175' title='bbox 345 2889 389 2947; x_wconf 88' lang='lat' dir='ltr'>sic</span> <span class='ocrx_word' id='word_1_176' title='bbox 403 2907 527 2967; x_wconf 90' lang='lat' dir='ltr'>quoque</span> <span class='ocrx_word' id='word_1_177' title='bbox 542 2889 816 2966; x_wconf 87' lang='lat' dir='ltr'>reprehensionem</span> <span class='ocrx_word' id='word_1_178' title='bbox 831 2909 951 2966; x_wconf 86' lang='lat' dir='ltr'>verens,</span> <span class='ocrx_word' id='word_1_179' title='bbox 967 2897 999 2949; x_wconf 91' lang='lat' dir='ltr'>et</span> <span class='ocrx_word' id='word_1_180' title='bbox 1014 2890 1154 2968; x_wconf 86' lang='lat' dir='ltr'>Appium</span> <span class='ocrx_word' id='word_1_181' title='bbox 1169 2891 1302 2951; x_wconf 84' lang='lat' dir='ltr'>Caecum</span> 
     </span>
     <span class='ocr_line' id='line_1_26' title="bbox 251 2994 1303 3072; baseline 0.001 -20"><span class='ocrx_word' id='word_1_182' title='bbox 251 3015 281 3060; x_wconf 75' lang='lat'>25</span> <span class='ocrx_word' id='word_1_183' title='bbox 297 3012 465 3069; x_wconf 87' lang='lat' dir='ltr'>censorem,</span> <span class='ocrx_word' id='word_1_184' title='bbox 481 2994 604 3070; x_wconf 88' lang='lat' dir='ltr'>generis</span> <span class='ocrx_word' id='word_1_185' title='bbox 624 2995 673 3054; x_wconf 90' lang='lat' dir='ltr'>sui</span> <span class='ocrx_word' id='word_1_186' title='bbox 688 3002 912 3072; x_wconf 87' lang='lat' dir='ltr'>proauotoram,</span> <span class='ocrx_word' id='word_1_187' title='bbox 927 2995 1148 3056; x_wconf 91' lang='lat' dir='ltr'>libertinorum</span> <span class='ocrx_word' id='word_1_188' title='bbox 1167 2994 1249 3056; x_wconf 88' lang='lat' dir='ltr'>filios</span> <span class='ocrx_word' id='word_1_189' title='bbox 1269 2995 1303 3053; x_wconf 94' lang='lat' dir='ltr'>in</span> 
     </span>
     <span class='ocr_line' id='line_1_27' title="bbox 298 3100 1302 3179; baseline 0 -20"><span class='ocrx_word' id='word_1_190' title='bbox 298 3105 442 3159; x_wconf 89' lang='lat' dir='ltr'>senatum</span> <span class='ocrx_word' id='word_1_191' title='bbox 462 3101 617 3176; x_wconf 86' lang='lat' dir='ltr'>adlegisse</span> <span class='ocrx_word' id='word_1_192' title='bbox 639 3100 754 3177; x_wconf 88' lang='lat' dir='ltr'>docuit,</span> <span class='ocrx_word' id='word_1_193' title='bbox 776 3101 915 3177; x_wconf 86' lang='lat' dir='ltr'>ignarus,</span> <span class='ocrx_word' id='word_1_194' title='bbox 939 3101 1133 3179; x_wconf 89' lang='lat' dir='ltr'>temporibus</span> <span class='ocrx_word' id='word_1_195' title='bbox 1155 3100 1242 3178; x_wconf 89' lang='lat' dir='ltr'>Appi</span> <span class='ocrx_word' id='word_1_196' title='bbox 1270 3106 1302 3159; x_wconf 94' lang='lat' dir='ltr'>et</span> 
     </span>
     <span class='ocr_line' id='line_1_28' title="bbox 297 3205 1303 3284; baseline 0.001 -21"><span class='ocrx_word' id='word_1_197' title='bbox 297 3205 445 3282; x_wconf 90' lang='lat' dir='ltr'>deinceps</span> <span class='ocrx_word' id='word_1_198' title='bbox 459 3206 654 3283; x_wconf 91' lang='lat' dir='ltr'>aliquamdiu</span> <span class='ocrx_word' id='word_1_199' title='bbox 668 3206 833 3267; x_wconf 89' lang='lat' dir='ltr'>libertinos</span> <span class='ocrx_word' id='word_1_200' title='bbox 848 3207 950 3268; x_wconf 88' lang='lat' dir='ltr'>dictos</span> <span class='ocrx_word' id='word_1_201' title='bbox 962 3227 1024 3267; x_wconf 93' lang='lat' dir='ltr'>non</span> <span class='ocrx_word' id='word_1_202' title='bbox 1036 3207 1132 3284; x_wconf 72' lang='lat' dir='ltr'>ipsos</span> <span class='ocrx_word' id='word_1_203' title='bbox 1142 3206 1197 3284; x_wconf 93' lang='lat' dir='ltr'>qui</span> <span class='ocrx_word' id='word_1_204' title='bbox 1207 3225 1303 3266; x_wconf 90' lang='lat' dir='ltr'>manu</span> 
     </span>
     <span class='ocr_line' id='line_1_29' title="bbox 297 3305 1366 3392; baseline 0.001 -22"><span class='ocrx_word' id='word_1_205' title='bbox 297 3311 525 3387; x_wconf 88' lang='lat' dir='ltr'>emitterentur,</span> <span class='ocrx_word' id='word_1_206' title='bbox 542 3305 598 3372; x_wconf 87' lang='lat' dir='ltr'>se&#39;d</span> <span class='ocrx_word' id='word_1_207' title='bbox 619 3311 770 3388; x_wconf 88' lang='lat' dir='ltr'>ingenuos</span> <span class='ocrx_word' id='word_1_208' title='bbox 793 3331 832 3372; x_wconf 82' lang='lat' dir='ltr'>ex</span> <span class='ocrx_word' id='word_1_209' title='bbox 853 3313 905 3374; x_wconf 88' lang='lat' dir='ltr'>his</span> <span class='ocrx_word' id='word_1_210' title='bbox 926 3318 1113 3392; x_wconf 84' lang='lat' dir='ltr'>procreatos</span> <span class='ocrx_word' id='word_1_211' title='bbox 1163 3311 1302 3389; x_wconf 74' lang='lat' dir='ltr'>collegio</span> <span class='ocrx_word' id='word_1_212' title='bbox 1363 3321 1366 3328; x_wconf 87' lang='lat'>&#39;</span> 
     </span>
     <span class='ocr_line' id='line_1_30' title="bbox 297 3417 1302 3496; baseline 0 -20"><span class='ocrx_word' id='word_1_213' title='bbox 297 3423 497 3495; x_wconf 88' lang='lat' dir='ltr'>quaestorum</span> <span class='ocrx_word' id='word_1_214' title='bbox 526 3437 582 3496; x_wconf 91' lang='lat' dir='ltr'>pro</span> <span class='ocrx_word' id='word_1_215' title='bbox 610 3424 749 3478; x_wconf 88' lang='lat' dir='ltr'>stratura</span> <span class='ocrx_word' id='word_1_216' title='bbox 776 3418 899 3478; x_wconf 84' lang='lat' dir='ltr'>viarum</span> <span class='ocrx_word' id='word_1_217' title='bbox 934 3417 1158 3495; x_wconf 86' lang='lat' dir='ltr'>gladiatorium</span> <span class='ocrx_word' id='word_1_218' title='bbox 1188 3437 1302 3476; x_wconf 91' lang='lat' dir='ltr'>munus</span> 
     </span>
     <span class='ocr_line' id='line_1_31' title="bbox 250 3522 1302 3601; baseline -0.002 -19"><span class='ocrx_word' id='word_1_219' title='bbox 250 3542 281 3588; x_wconf 84' lang='lat' dir='ltr'>ao</span> <span class='ocrx_word' id='word_1_220' title='bbox 297 3522 436 3583; x_wconf 88' lang='lat' dir='ltr'>iniunxit</span> <span class='ocrx_word' id='word_1_221' title='bbox 450 3523 652 3600; x_wconf 87' lang='lat' dir='ltr'>detractaque</span> <span class='ocrx_word' id='word_1_222' title='bbox 667 3523 807 3584; x_wconf 89' lang='lat' dir='ltr'>Ostiensi</span> <span class='ocrx_word' id='word_1_223' title='bbox 822 3529 854 3583; x_wconf 91' lang='lat' dir='ltr'>et</span> <span class='ocrx_word' id='word_1_224' title='bbox 870 3522 994 3584; x_wconf 84' lang='lat' dir='ltr'>Gallica</span> <span class='ocrx_word' id='word_1_225' title='bbox 1008 3523 1180 3601; x_wconf 87' lang='lat' dir='ltr'>provincia,</span> <span class='ocrx_word' id='word_1_226' title='bbox 1196 3541 1302 3582; x_wconf 90' lang='lat' dir='ltr'>curam</span> 
     </span>
     <span class='ocr_line' id='line_1_32' title="bbox 296 3627 1302 3705; baseline -0.003 -16"><span class='ocrx_word' id='word_1_227' title='bbox 296 3628 408 3689; x_wconf 90' lang='lat' dir='ltr'>aerarii</span> <span class='ocrx_word' id='word_1_228' title='bbox 430 3627 558 3688; x_wconf 84' lang='lat' dir='ltr'>Saturni</span> <span class='ocrx_word' id='word_1_229' title='bbox 578 3627 725 3702; x_wconf 88' lang='lat' dir='ltr'>reddidit,</span> <span class='ocrx_word' id='word_1_230' title='bbox 742 3647 836 3705; x_wconf 90' lang='lat' dir='ltr'>quam</span> <span class='ocrx_word' id='word_1_231' title='bbox 858 3627 961 3688; x_wconf 91' lang='lat' dir='ltr'>medio</span> <span class='ocrx_word' id='word_1_232' title='bbox 982 3633 1122 3705; x_wconf 87' lang='lat' dir='ltr'>temporo</span> <span class='ocrx_word' id='word_1_233' title='bbox 1143 3632 1302 3704; x_wconf 88' lang='lat' dir='ltr'>praetores</span> 
     </span>
     <span class='ocr_line' id='line_1_33' title="bbox 296 3732 1048 3811; baseline -0.007 -15"><span class='ocrx_word' id='word_1_234' title='bbox 296 3739 359 3810; x_wconf 88' lang='lat' dir='ltr'>aut,</span> <span class='ocrx_word' id='word_1_235' title='bbox 374 3732 422 3794; x_wconf 93' lang='lat' dir='ltr'>uti</span> <span class='ocrx_word' id='word_1_236' title='bbox 436 3751 528 3809; x_wconf 93' lang='lat' dir='ltr'>nunc,</span> <span class='ocrx_word' id='word_1_237' title='bbox 543 3737 690 3811; x_wconf 87' lang='lat' dir='ltr'>praetura</span> <span class='ocrx_word' id='word_1_238' title='bbox 704 3733 809 3793; x_wconf 85' lang='lat' dir='ltr'>functi</span> <span class='ocrx_word' id='word_1_239' title='bbox 823 3733 1048 3794; x_wconf 88' lang='lat' dir='ltr'>sustinuerant.</span> 
     </span>
    </p>
   </div>
   <div class='ocr_carea' id='block_1_3' title="bbox 326 2233 431 2356">
    <p class='ocr_par' dir='ltr' id='par_1_3' title="bbox 326 2233 431 2356">
     <span class='ocr_line' id='line_1_34' title="bbox 326 2233 422 2281; baseline 0.01 -1"><span class='ocrx_word' id='word_1_240' title='bbox 326 2233 422 2281; x_wconf 75' lang='lat' dir='ltr'>official</span> 
     </span>
     <span class='ocr_line' id='line_1_35' title="bbox 326 2307 431 2356; baseline 0 -1"><span class='ocrx_word' id='word_1_241' title='bbox 326 2307 431 2356; x_wconf 76' lang='lat' dir='ltr'>reforma</span> 
     </span>
    </p>
   </div>
   <div class='ocr_carea' id='block_1_4' title="bbox 0 0 1558 4378">
    <p class='ocr_par' dir='ltr' id='par_1_4' title="bbox 0 0 1558 4378">
     <span class='ocr_line' id='line_1_36' title="bbox 0 0 1558 4378; baseline 0 0"><span class='ocrx_word' id='word_1_242' title='bbox 0 0 1558 4378; x_wconf 95' lang='lat' dir='ltr'> </span> 
     </span>
    </p>
   </div>
  </div>
 </body>
</html>
