3078 4380
546 311 659 393 amna
682 310 732 360 111.
786 307 965 360 rmnams.
1220 294 1262 360 15

431 480 536 539 Τούτου
547 477 574 556 γ’
585 479 755 555 ἑσπομένοιο,
769 480 813 537 καὶ
825 482 856 536 ἐκ
868 481 954 555 πρὸς
965 473 1118 552 αἰθομένοιο

426 575 533 649 Ἄμφω
545 575 738 662 νοστήσοιμεν,
751 574 810 632 ἐπεὶ
822 572 939 650 repeirri<
951 575 1056 648 νοῆσοο

295 710 493 770 Attenuatum
517 718 544 768 te
571 728 633 768 esse
657 711 880 768 continuatione
908 709 1045 766 lotorum
1073 727 1141 766 cum
1168 709 1262 765 audio

255 825 282 875 et
301 818 372 894 lego,
387 818 421 874 di
434 835 481 874 me
495 818 628 890 perdant
641 819 703 874 nisi
721 817 897 874 cohorrescit
914 833 1020 889 corpus
1037 830 1157 885 meum,·
1178 820 1263 887 teque

255 942 307 981 oro
326 931 359 980 ut
377 941 488 996 pareas
510 924 573 995 tibi,
593 924 672 980 nesi
688 929 714 979 te
737 923 876 997 languere
899 921 1097 992 audierimus,
1112 926 1140 976 et
1161 936 1213 994 epo
1235 925 1293 977 ets

255 1035 352 1086 mater
378 1036 430 1085 tua
459 1030 642 1101 suspiremus
669 1035 696 1085 et
722 1029 758 1084 de
782 1044 902 1084 summa
926 1027 1034 1098 imperi
1058 1025 1108 1081 sui
1129 1024 1263 1098 populus

255 1133 414 1193 Romaanus
424 1134 617 1208 periclitetur.

335 1263 424 1320 Nihil
438 1265 558 1320 interest
571 1263 688 1320 caleam
702 1265 765 1336 ipse
779 1279 877 1336 necne,
893 1263 921 1318 si
934 1269 966 1319 tu
981 1278 1042 1318 non
1056 1260 1175 1318 valebis.

295 1394 377 1452 Deos
399 1396 525 1467 obsecre,
550 1400 583 1450 ut
605 1400 632 1450 te
655 1393 741 1451 nobis
765 1399 936 1450 conseruent
961 1399 988 1449 et
1011 1391 1110 1449 aalma
1131 1409 1211 1448 nunc
1235 1397 1264 1448 et

255 1517 370 1574 semper
377 1501 547 1574 patiantur,
562 1501 591 1555 si
604 1517 665 1556 non
673 1499 822 1572 poputum
839 1497 1016 1556 Romanum
1025 1497 1130 1570 perosi
1143 1503 1221 1553 sunt.
1279 1513 1309 1560 ιο

202 1647 241 1698 22
296 1629 467 1687 Excessum
482 1627 621 1703 Augusti
630 1645 692 1685 non
703 1626 792 1704 prius
803 1625 908 1703 palam
922 1624 1110 1701 fecit,quam
1120 1623 1264 1702 Agrippa

255 1733 367 1792 iuvene
383 1733 579 1809 interempta
623 1733 718 1791 Hunc
732 1731 879 1790 tribunus
897 1729 1035 1791 militum
1051 1734 1156 1789 custos
1170 1747 1264 1806 appo

256 1838 337 1898 situs
359 1837 483 1912 occidit,
505 1836 595 1896 lectis
618 1835 781 1911 codicillis,
801 1835 916 1913 quibus
940 1842 977 1895 ut
1001 1835 1034 1895 id
1061 1829 1199 1927 Mag,

255 1944 373 2004 faceret
397 1943 578 2017 iubebatur3
604 1960 682 2019 quos
713 1940 875 2001 codicillos
903 1941 1033 2001 dubium
1061 1954 1107 2001 the
1117 1966 1203 2014 young

255 2048 327 2124 fuit,
356 2049 559 2124 Augustusne
587 2047 723 2106 moriens
753 2045 944 2123 reliquisset,
973 2066 1035 2124 quo
1062 2028 1175 2088 mm
1281 2067 1309 2114 15

255 2153 418 2213 materiam
439 2152 596 2212 tumultus
617 2157 688 2230 post
712 2171 745 2212 se
769 2153 972 2229 subduceret3
995 2172 1035 2213 an
1057 2156 1183 2215 nomine
1202 2155 1265 2215 Au-

256 2259 341 2335 gusti
365 2257 458 2317 Livia
482 2263 514 2317 et
538 2275 575 2317 ea
598 2256 722 2317 conscio
746 2256 871 2316 Tiberio
896 2277 937 2318 an
962 2259 1080 2336 ignaro,
1103 2261 1262 2321 dictasset.

255 2363 400 2423 Tiberius
414 2362 610 2422 renuntianti
629 2363 764 2437 tribun0,
779 2363 901 2422 factum
922 2383 990 2424 esse
1012 2367 1097 2442 quod
1118 2366 1265 2443 imperas-

256 2474 313 2544 set,
325 2488 419 2545 neque
435 2472 596 2544 imperasse
610 2488 641 2528 se
655 2477 682 2527 et
695 2471 886 2528 redditurum
900 2487 968 2528 eum
983 2475 1103 2530 senatrd
1116 2475 1265 2531 rationem

256 2574 427 2652 respondit,
449 2573 603 2632 invidiam
627 2572 748 2633 scilicet
768 2573 802 2631 i11
823 2574 1003 2650 praesentia
1023 2576 1137 2636 vitans.
1180 2577 1265 2636 Nam
1280 2596 1310 2642 ao

204 2699 242 2750 23
256 2699 329 2738 mox
354 2678 481 2738 silentio
503 2697 568 2738 rem
597 2677 788 2738 obliteravit.
841 2678 915 2740 Iure
943 2686 1048 2740 autem
1077 2681 1264 2742 tribuniciae

256 2784 423 2862 potestatis
449 2790 555 2844 coacto
580 2789 691 2844 senatu
715 2783 925 2860 incohataque
954 2785 1160 2862 adlocutione,
1182 2786 1266 2845 dere

256 2896 350 2967 pente
374 2889 463 2949 velut
491 2890 592 2967 impar
617 2888 718 2950 dolori
742 2890 930 2966 congemuit,
956 2896 1053 2968 utque
1074 2910 1137 2950 non
1163 2891 1264 2951 solum

256 3016 318 3056 vox
350 2996 405 3056 sed
433 3001 466 3055 et
493 2996 624 3074 spiritus
652 2995 800 3056 deficeret
828 2995 950 3074 optavit
978 3015 1013 3056 ac
1042 2996 1266 3074 perlegendum

257 3101 371 3162 librum
387 3103 491 3161 Druso
504 3101 571 3161 filio
584 3101 727 3161 tradidit.
769 3101 910 3161 Inlatum
924 3102 1038 3161 deinde
1173 3143 1175 3148 ,
1281 3130 1310 3174 25

257 3207 397 3284 Augusti
413 3213 646 3282 testamentum,
660 3227 725 3266 non
741 3207 888 3268 admissis
904 3207 1038 3283 signato
1063 3178 1225 3300 22¹1}th

257 3314 345 3374 ribus
374 3313 435 3374 nisi
463 3313 613 3374 senatorii
644 3313 773 3387 ordinis,
801 3314 913 3375 ceteris
949 3320 1039 3374 extra

259 3418 377 3479 curiam
392 3419 482 3494 signa
496 3418 747 3494 agnoscentibus,
762 3418 909 3478 recitavit
923 3438 979 3497 per
994 3419 1150 3480 libertum.
1194 3420 1266 3480 Tes-

258 3523 391 3584 tamenti
415 3523 542 3583 initium
563 3523 644 3583 fuit:
677 3524 829 3598 Quoniam
849 3533 938 3584 atron
950 3529 1081 3601 fortuna
1104 3527 1218 3586 Gaium
1238 3534 1265 3584 et

259 3631 482 3705 Inuiumfitios
496 3631 574 3688 milri
591 3633 712 3705 eripuit,
732 3632 870 3689 liberius
893 3629 1008 3690 Caesar
1026 3633 1104 3690 mitri
1125 3651 1161 3691 en
1175 3640 1265 3706 parte
1281 3651 1311 3696 so

155 3818 161 3830 ⁹
259 3737 391 3794 dimidia
404 3742 432 3794 et
445 3741 577 3794 sectante
590 3735 674 3794 term
687 3742 781 3793 astar
799 3735 867 3805 Quo
881 3739 914 3794 et
932 3735 1003 3812 ipso
1022 3740 1114 3796 aucta
1129 3735 1265 3814 suspicio
