3106 4378
306 273 348 338 56
382 283 411 336 c.
438 284 594 336 suarem
615 285 843 348 remensum
866 286 917 338 nu
937 286 1028 338 vrrs
1052 287 1257 339 cansarum

305 475 366 535 que
380 462 473 536 pacto
483 456 676 534 tractaverit,
688 458 904 518 Ptolemaeum
915 458 998 536 regis
1012 459 1111 518 Iubae
1119 458 1231 534 filium,
1244 477 1313 518 con-

305 562 465 623 sobrinum
488 582 587 639 suum,
611 563 797 642 (eratenim
818 569 851 622 et
873 563 900 622 is
926 565 969 623 M.
985 563 1119 623 Antonii
1140 583 1179 623 ex
1202 564 1313 624 Selene

237 687 239 692 ·
305 667 373 728 filia
386 669 497 749 nepos)
513 663 545 728 et
558 668 592 727 in
606 668 718 746 primis
729 669 834 746 ipsum
849 669 1039 743 Macronem,
1049 668 1151 747 ipsam
1166 669 1312 743 Enniam,
1348 680 1352 687 '

306 774 464 834 adiutores
476 773 618 851 imperii:
637 773 751 852 quibus
762 773 906 834 omnibus
920 792 978 851 pro
992 773 1235 835 necessitudinis
1246 774 1313 833 iure

275 885 291 932 5
306 898 424 957 proque
438 879 622 940 meritorum
636 878 739 954 gratia
753 884 883 938 cruenta
897 898 980 940 mors
996 879 1157 957 persoluta
1171 884 1227 940 est.

346 984 458 1044 Nihilo
485 984 676 1044 reverentior
703 983 843 1044 leniorue
875 1003 950 1060 erga
981 989 1134 1058 senatum,
1163 984 1314 1062 quosdam

308 1090 438 1150 summis
463 1089 634 1150 honoribus
656 1090 784 1149 functos
809 1090 850 1150 ad
874 1089 1019 1150 essedum
1041 1089 1103 1150 sibi
1128 1107 1251 1148 currere
1271 1095 1316 1149 to

308 1201 396 1272 gatos
423 1213 480 1273 per
507 1195 628 1273 aliquot
653 1213 802 1272 passuum
828 1195 926 1270 milia,
951 1200 984 1254 et
1008 1195 1134 1254 cenanti
1158 1195 1251 1254 modo
1275 1194 1315 1254 ad

307 1300 448 1378 pluteum
473 1301 628 1360 modoad
650 1300 744 1378 pedes
770 1306 853 1360 stare
879 1301 1054 1360 succinctos
1079 1299 1178 1359 linteo
1203 1318 1315 1376 passus

264 1414 326 1513 10c
371 1468 380 1513 1
421 1469 435 1516 t
535 1412 596 1482 est;
612 1407 690 1467 alios
702 1425 772 1466 cum
784 1407 865 1466 clam
877 1407 1098 1481 interemisset,
1109 1406 1206 1465 citare
1216 1405 1316 1464 nihilo

309 1469 510 1602 ,3:3me
535 1511 640 1572 minus
654 1517 691 1570 ut
707 1511 795 1572 vivos
806 1511 1027 1590 perseveravit,
1039 1529 1155 1588 paucos
1166 1516 1237 1587 post
1248 1509 1315 1570 dies

308 1618 401 1675 tutta
412 1618 461 1664 πᾶ
537 1616 716 1676 voluntaria
729 1622 829 1676 morte
841 1617 959 1694 perisse
971 1616 1132 1676 mentitus.
1176 1614 1317 1674 Consuli-

308 1691 395 1750 Μ’
537 1722 594 1782 bus
619 1721 726 1782 oblitis
749 1722 789 1782 de
810 1721 910 1782 natali
932 1739 988 1780 suo
1009 1720 1129 1780 edicere
1153 1721 1317 1796 abrogavit

310 1823 538 1902 magistratum,
553 1826 679 1904 fuitque
698 1845 754 1904 per
773 1826 915 1886 triduum
933 1826 1000 1886 sine
1021 1844 1143 1885 summa
1158 1830 1316 1903 potestate

265 1939 293 1983 lc
309 1929 503 2006 respublica
532 1931 735 2002 Quaesturam
747 1951 838 1991 suurn
849 1931 883 1990 in
894 1931 1108 1990 coniuratione
1119 1930 1315 1990 nominatum

309 2033 491 2110 flagellavit,
512 2040 600 2096 veste
621 2036 763 2096 detracta
784 2036 985 2112 subiectaque
1010 2035 1148 2094 militum
1173 2035 1315 2113 pedibus,

310 2158 372 2216 quo
386 2139 475 2200 firme
488 2141 684 2202 uerberaturi
699 2142 891 2202 insisterent.

351 2245 455 2305 Simili
474 2247 622 2324 superbia
638 2246 852 2324 violentiaque
871 2252 992 2306 ceteros
1013 2247 1162 2306 tractavit
1180 2246 1315 2306 ordines.

310 2351 509 2429 Inquietatus
524 2352 653 2412 fremitu
669 2352 807 2429 gratuita
822 2351 854 2410 in
870 2351 952 2410 circo
969 2350 1038 2411 loca
1051 2353 1091 2410 de
1107 2351 1211 2410 media
1225 2357 1316 2410 nocte

265 2468 295 2513 ac
310 2457 539 2534 occupantium,
551 2457 652 2517 omnis
664 2457 803 2516 fustibus
818 2456 940 2532 abegit,
962 2456 1033 2516 elisi
1047 2475 1104 2534 per
1118 2475 1189 2516 eum
1203 2456 1317 2516 tumul·

310 2567 379 2620 tum
397 2561 512 2636 viginti
531 2562 667 2639 amplius
688 2561 811 2638 equites
831 2561 976 2637 Romani,
993 2561 1125 2620 totidem
1147 2566 1315 2636 matronae,

312 2684 405 2743 super
419 2666 616 2725 innumeram
630 2666 754 2726 turbam
769 2672 914 2726 ceteram.
960 2666 1116 2725 Scaenicis
1128 2665 1222 2740 ludis,
1233 2666 1316 2726 iuter

310 2771 433 2848 plebem
453 2777 485 2830 et
504 2770 642 2849 equitem
662 2790 785 2832 causam
802 2771 1031 2832 discordiarum
1048 2790 1162 2844 serens,
1178 2769 1315 2830 decimas

310 2876 464 2936 maturius
485 2876 589 2951 dabat,
610 2882 648 2936 ut
670 2878 829 2954 equestria
851 2878 891 2937 ab
912 2876 1022 2936 infimo
1045 2894 1168 2954 quoque
1190 2893 1316 2952 occupa

266 2997 294 3042 25
310 2986 426 3041 rentur.
470 2981 666 3042 Gladiatoria
699 3003 838 3060 munere,
866 2984 971 3044 ductis
1000 2983 1160 3044 interdum
1187 2983 1318 3060 flagran-

311 3086 435 3146 tissimo
456 3087 520 3148 sole
539 3086 627 3163 velis,
650 3086 753 3147 emitti
776 3103 965 3164 quemquam
986 3084 1113 3144 vetabat
1135 3088 1316 3159 remotoque

311 3191 469 3251 ordinario
483 3197 644 3270 apparatu,
659 3191 776 3252 tabidis
795 3190 873 3250 feris
888 3189 1060 3250 vilissimos
1080 3187 1229 3264 senioque
1248 3205 1316 3246 con-

310 3297 411 3358 fectos
430 3296 649 3373 gladiatores*
661 3317 784 3375 quoque
799 3298 988 3374 paegniariis
1000 3301 1105 3374 patres
1115 3294 1309 3354 familiarum

310 3407 401 3464 notos
424 3403 481 3468 sed
506 3402 640 3479 insignis
665 3400 830 3461 debilitate
854 3397 962 3476 aliqua
986 3395 1124 3474 corporis
1151 3393 1313 3454 obiciebat.

266 3523 296 3569 ³0
311 3507 359 3568 Ac
381 3525 626 3585 nonnumquam,
645 3505 767 3566 horreis
791 3501 973 3582 praeclusis,
991 3501 1107 3580 populo
1131 3500 1249 3558 famem
1273 3498 1317 3557 in-

312 3611 402 3673 dixit.

353 3716 524 3778 Saevitiam
539 3715 658 3794 ingenii
675 3735 732 3794 per
751 3715 827 3775 haec
841 3711 978 3773 maxime
992 3710 1138 3772 ostendit.
1183 3708 1261 3768 Cum
1277 3709 1316 3768 ad
1331 3714 1367 3768 2¹1
