3106 4378
590 290 702 340 1111111
725 291 774 341 vr.
824 291 930 342 1116.
1203 276 1266 341 111

261 464 353 533 16166,
369 479 440 520 cnm
458 461 497 520 ob
516 460 615 520 totius
633 461 696 520 diei
712 462 875 522 diritatem
895 482 959 522 non
980 463 1067 522 aliud
1082 462 1268 541 auspicandi

260 571 385 642 tempus
400 565 662 626 accommodatius
672 566 853 643 videretur;
876 587 993 646 proque
1003 567 1109 628 Palati
1118 568 1266 644 gradibus

261 669 430 747 imperator
454 670 679 746 consalutatus,
702 672 814 731 lectica
834 672 867 732 in
885 679 987 733 castra
1006 679 1038 733 et
1087 738 1092 748 ,
1210 736 1215 747 ‚

260 774 334 835 inde
358 774 474 853 raptim
496 775 664 854 appellatis
689 761 844 836 militibus
865 777 898 835 in
919 778 1037 837 curiam
1063 737 1249 834 ffismm

261 880 384 940 delatus
399 887 455 956 est,
472 879 680 958 discessitque
696 872 758 942 iam
770 883 901 960 vesperi,
917 902 956 941 611
967 883 1139 958 immensis,
1151 883 1265 960 quibus
1280 898 1296 943 5

259 986 486 1062 cumulabatur,
512 976 682 1047 honoribus
710 993 835 1046 tantum
863 987 962 1065 patris
991 987 1111 1066 patriae
1138 987 1265 1047 nominc

213 1165 216 1170 Ι
259 1097 401 1150 16616616
415 1099 543 1170 propter
556 1097 701 1153 aetatem.

228 1201 245 1250 9
300 1196 397 1257 Orsus
412 1196 485 1256 hino
500 1216 519 1258 a
533 1198 661 1276 pictatis
677 1199 896 1274 ostentatione,
912 1198 1080 1260 Claudium
1095 1198 1266 1277 apparatis-

260 1301 339 1362 simo
360 1303 472 1361 funere
493 1303 612 1363 elatum
633 1303 776 1364 laudavit
797 1310 828 1363 61
849 1304 1051 1364 consecravit.
1094 1304 1264 1364 Memoriae

259 1406 380 1466 Domiti
398 1408 501 1485 patris
520 1408 652 1468 honores
667 1409 820 1469 maximos
835 1408 954 1469 habuit.
998 1409 1096 1468 Matri
1111 1428 1264 1469 summam
1281 1420 1311 1465 10

259 1511 398 1571 omnium
433 1533 536 1572 1611111
576 1513 771 1591 privatarum
811 1514 1070 1592 publicarumque
1110 1515 1264 1598 permisit.

259 1616 367 1676 Primo
382 1617 475 1677 etiam
491 1618 616 1696 imperii
632 1619 682 1678 dic
697 1619 822 1695 signum
840 1613 1008 1679 excubanti
1028 1619 1157 1678 tribuno
1178 1619 1265 1678 dedit

263 1722 417 1797 Optimam
435 1733 570 1799 mucrene,
586 1743 622 1783 ae
641 1724 788 1801 deinceps
809 1723 948 1784 eiusdem
970 1743 1062 1802 saepe
1083 1725 1194 1784 lectica
1211 1743 1266 1802 per

259 1827 419 1905 publicum
442 1828 537 1888 simul
557 1834 665 1888 vectus
687 1834 743 1888 est.
793 1829 926 1888 Antium
948 1829 1101 1888 coloniam
1124 1830 1265 1905 deduxit,

260 1933 405 2010 ascriptis
428 1934 585 1994 veteranis
609 1953 625 1993 e
648 1934 804 2012 praetorio
827 1935 1007 2011 additisque
1033 1954 1089 2012 per
1113 1934 1266 1994 domicilii
1284 1946 1312 1992 16

258 2038 497 2098 translationem
523 2039 690 2099 ditissimis
715 2039 975 2117 primipilarium
1003 2040 1059 2100 ubi
1084 2046 1116 2099 et
1141 2050 1267 2118 portum

259 2144 362 2220 operis
384 2144 653 2221 sumptuosissimi
673 2145 759 2204 fecit.
1266 2202 1286 2230 s

209 2261 245 2311 10
299 2249 404 2326 Atque
425 2255 462 2308 ut
476 2242 646 2308 'certiorem
669 2249 770 2309 adhuc
792 2250 930 2309 indolem
951 2251 1139 2326 ostenderet,
1155 2271 1191 2310 61
1204 2251 1267 2310 Aa·

258 2357 337 2430 gusti
347 2358 533 2430 praescripto
544 2355 770 2432 imperaturum
787 2375 819 2415 66
833 2356 1004 2432 professus,
1017 2374 1119 2432 neque
1134 2356 1268 2415 liberali-

259 2459 334 2518 tatis
349 2477 450 2535 neque
465 2458 659 2534 elementiae,
676 2479 716 2518 116
737 2459 896 2519 comitatis
912 2461 1039 2537 quidem
1284 2467 1313 2512 20

260 2564 455 2623 exhibendae
471 2564 571 2624 ullam
591 2566 784 2625 occasionem
805 2565 921 2625 omisit.
965 2566 1040 2625 Gra
1065 2539 1254 2673 ξζζωξξίοῗ

259 2668 348 2727 viora
376 2669 544 2746 vectigalia
572 2679 626 2730 aut
655 2671 793 2730 abolevit
826 2677 881 2731 aut
914 2670 1037 2730 minuit.
1118 2627 1153 2674 py
1201 2627 1217 2674 g

260 2774 405 2833 Praemia
419 2774 595 2835 delatorum
610 2777 727 2854 Papiae
742 2776 821 2854 legis
839 2777 879 2836 ad
900 2784 1027 2853 quartas
1043 2775 1174 2851 redegit.
1216 2776 1269 2835 Di-

261 2879 338 2939 visis
354 2880 469 2958 populo
484 2881 603 2941 viritim
621 2883 845 2960 quadringenis
861 2882 1007 2956 nummis,
1025 2888 1205 2941 senatorum
1218 2901 1270 2940 16

261 2983 417 3045 bilissimo
431 2987 551 3063 cuique,
564 2989 619 3048 sed
628 3007 647 3048 6
657 3008 689 3047 16
701 2988 853 3047 familiari
865 2987 1018 3047 destituto
1031 3006 1135 3047 annua
1146 2986 1268 3062 salaria,
1285 3001 1314 3046 61

261 3097 293 3150 61
312 3091 501 3168 quibusdam
519 3094 686 3171 quingena,
703 3095 877 3168 constituit,
893 3093 969 3152 item
993 3091 1202 3170 praetorianis
1224 3111 1271 3152 co

262 3196 404 3258 hortibus
424 3199 618 3259 frumentum
633 3205 828 3259 menstruum
852 3199 1032 3274 gratuitum.
1076 3199 1209 3257 Etcum
1232 3198 1270 3256 de

263 3302 418 3382 supplicio
436 3305 598 3365 cuiusdam
616 3305 718 3382 capite
739 3304 881 3394 damnati
897 3309 932 3363 ut
947 3323 984 3362 ex
1001 3322 1085 3362 more
1102 3303 1272 3363 subscribe-

263 3416 311 3469 ret
334 3409 569 3470 admoneretnr:
604 3410 702 3484 Quum
727 3412 839 3484 vellera,
862 3409 976 3486 inquit,
1000 3413 1114 3468 nescire
1138 3411 1272 3468 litteras!

264 3514 374 3575 Omnis
392 3515 517 3575 ordines
538 3515 669 3575 subinde
690 3533 726 3575 ac
747 3515 928 3574 memoriter
950 3514 1109 3574 salutavit.
1154 3513 1272 3591 Agenti
1289 3523 1317 3568 30

265 3620 388 3680 senatui
403 3621 520 3696 gratias
534 3621 715 3698 respondit:
741 3619 818 3680 Oura
832 3639 975 3679 meruero.
1015 3620 1067 3679 Ad
1082 3626 1272 3697 campestres

265 3725 504 3785 exercitationes
520 3744 592 3785 suas
608 3725 737 3785 admisit
752 3731 783 3785 et
797 3724 929 3803 plebem,
946 3724 1196 3802 declamauitque
1211 3742 1274 3784 666
