3078 4380
532 314 645 365 nnana
667 313 718 364 nr
770 314 950 366 rmnnrus.
1203 303 1244 368 11

244 505 337 564 quem
355 492 391 547 ut
410 484 584 564 sapientiae
605 487 813 564 professorem
833 487 1037 548 contubernio
1054 488 1244 564 admoverat,

243 598 310 652 tum
338 591 474 652 maxime
502 596 650 670 expertus
679 597 736 667 est,
764 590 980 666 affirmantem,
1009 611 1089 652 nave
1119 593 1246 671 provisa

241 697 390 774 gaudium
414 696 537 773 afferri3
569 714 640 756 cum
665 697 792 773 quidem
817 696 918 772 illum,
944 697 1052 758 durius
1077 703 1109 757 et
1136 705 1246 760 contra

241 802 402 881 praedicta
429 802 614 862 cadentibus
642 801 744 878 rebus,
772 807 809 861 ut
842 802 960 862 falsum
988 808 1020 862 et
1056 809 1243 863 secretorum

240 913 357 968 temere
378 907 545 983 conscium,
565 925 602 967 eo
623 907 692 985 ipso
712 912 879 983 moment0,
901 908 973 967 dum
996 908 1152 986 spatiatur
1171 927 1275 983 unat
1351 899 1353 904 ’

241 1012 447 1091 praecipitare
468 1012 501 1072 in
522 1031 607 1072 mare
628 1012 826 1072 destinasset.

189 1128 225 1177 15
281 1120 414 1178 Romam
433 1136 586 1192 reversus,
601 1117 735 1178 deducto
752 1117 786 1176 in
805 1119 909 1179 forum
924 1117 991 1178 filio
1006 1119 1119 1194 Druso,
1135 1118 1244 1179 statim

241 1243 257 1283 e
277 1223 401 1284 Carinis
422 1242 458 1283 ac
479 1223 671 1312 Pompeiana
687 1222 779 1281 domo
799 1223 961 1299 Esquilias
980 1223 1013 1282 in
1032 1223 1139 1283 hortos
1160 1224 1244 1284 Mae

240 1329 419 1389 donatianos
442 1328 681 1403 transmigravit
704 1332 869 1404 totumque
892 1346 925 1387 se
949 1328 989 1387 ad
1014 1329 1151 1404 quietem
1176 1348 1244 1390 oon-

239 1433 323 1509 tulit,
339 1423 464 1511 privata
476 1434 569 1493 modo
583 1431 684 1492 officia
697 1433 805 1492 obiens
820 1450 855 1492 ac
870 1432 1065 1509 publicorum
1079 1452 1244 1493 munerum
1260 1448 1290 1495 10

240 1557 359 1616 expers.

280 1645 360 1705 Gaio
377 1649 409 1704 et
426 1644 524 1704 Lucio
543 1643 628 1704 intra
644 1642 816 1702 triennium
834 1643 1003 1718 defunctis,
1011 1644 1187 1722 'adoptatur
1204 1644 1243 1705 ab

239 1751 383 1826 Augusto
395 1749 489 1809 simul
499 1767 569 1808 cum
582 1749 680 1808 fratre
691 1757 798 1808 eor'um
808 1749 852 1807 M.
865 1748 1016 1826 Agrippa,

130 1919 133 1924 .
239 1859 364 1915 coactus
388 1853 475 1933 prius
498 1853 566 1931 ipse
589 1853 812 1913 Germanicum
834 1853 943 1912 fratris
968 1853 1017 1913 sui
1044 1829 1214 1890 ⁸⁶⁰¹³fl⁰¹¹¹³5

1043 1904 1179 1964 Augustus

239 1959 339 2018 filium
359 1960 517 2037 adoptare.
559 1960 628 2019 Neo
647 1959 814 2036 quicquam
834 1965 943 2036 postea
961 1977 1018 2036 pro
1259 1981 1288 2027 15
1366 2005 1371 2015 .

238 2064 478 2142 patrefamilias
490 2063 619 2140 egitaut
634 2062 692 2138 ius,
704 2064 788 2140 quod
802 2064 959 2137 amiserat,
971 2081 1010 2122 ex
1020 2062 1087 2122 ulla
1100 2068 1189 2140 parte
1200 2082 1244 2122 re-

238 2169 343 2229 tinuit.
376 2170 460 2230 Nam
471 2187 572 2247 neque
584 2167 713 2228 donavit
724 2187 825 2245 neque
836 2168 1028 2242 manumisit,
1040 2186 1079 2226 ne
1092 2167 1244 2228 heredita

238 2281 300 2336 tem
314 2274 440 2352 quidem
455 2280 510 2350 aut
520 2274 625 2350 legata
635 2274 775 2351 percepit
785 2273 852 2333 ulla
862 2272 954 2333 aliter
966 2292 1060 2350 quam
1071 2278 1106 2332 ut
1121 2273 1243 2350 peculio

238 2379 370 2440 referret
384 2385 519 2456 accepta.
562 2378 654 2438 Nihil
669 2397 708 2437 ex
720 2397 756 2437 eo
769 2383 909 2455 tempore
924 2378 1179 2455 praetermissum
1194 2383 1243 2437 est

238 2485 279 2545 ad
292 2485 489 2545 maiestatem
501 2484 568 2544 eius
579 2485 763 2560 augendam,
775 2502 811 2543 ac
825 2483 926 2542 multo
936 2483 1038 2560 magis
1052 2488 1124 2560 post
1138 2501 1241 2559 quam,
1258 2504 1289 2550 oo

238 2591 381 2668 Agrippa
402 2589 554 2650 abdicato.
566 2595 661 2666 atque
683 2589 830 2666 seposita,
844 2593 964 2648 certum
985 2593 1062 2662 erat,
1077 2587 1133 2646 uni
1155 2605 1242 2665 spem

186 2708 224 2758 16
239 2695 444 2756 successionis
455 2687 651 2770 incumbere3
669 2693 744 2753 data
754 2712 862 2753 rursus
876 2699 1017 2770 potestas
1028 2692 1199 2752 tribunicia
1209 2693 1243 2752 in

238 2800 498 2879 quinquennium,
509 2799 672 2876 delegatus
682 2800 842 2876 pacandae
852 2799 1040 2860 Germaniae
1049 2804 1160 2873 status,
1169 2798 1244 2858 Par·

238 2906 365 2966 thorum
373 2883 479 2982 legati,
489 2905 647 2965 mandatis
656 2905 801 2981 Augusto
810 2906 928 2972 Romae
938 2903 1081 2979 redditis,
1091 2920 1163 2962 eum
1172 2921 1244 2980 quo-

238 3031 299 3089 que
319 3011 405 3071 adire
426 3011 460 3070 in
482 3010 645 3088 provincia
663 3010 749 3070 iussi.
794 3009 856 3069 Sed
872 3009 1019 3069 nuntiata
1259 3034 1289 3080 25

239 3115 362 3195 lllyrici
387 3116 573 3192 defectione,
596 3114 724 3175 transiit
748 3115 789 3174 ad
812 3133 919 3174 curam
944 3115 1018 3174 novi
1044 3089 1217 3149 ⁰²²¹²P²¹³¹¹¹¹¹

238 3222 323 3298 belli,
348 3223 441 3301 quod,
466 3221 687 3299 gravissimum
713 3219 854 3279 omnium
878 3225 1018 3280 externo-

239 3349 307 3388 rum
321 3328 475 3389 bellorum
489 3333 562 3406 post
572 3326 701 3402 Punica,
714 3345 769 3404 per
783 3325 963 3403 quindecim
978 3325 1115 3402 legiones
1126 3343 1244 3402 parem-

239 3453 299 3512 que
313 3434 501 3496 auxiliorum
518 3433 638 3512 copiam
649 3432 786 3492 triennio
801 3432 907 3509 gessit,
919 3432 952 3490 in
967 3431 1088 3506 magnis
1103 3430 1243 3490 omnium

239 3559 341 3601 rerum
353 3541 591 3602 difficultatibus
604 3559 785 3618 summaque
797 3540 923 3615 frugum
934 3539 1050 3616 inopia
1086 3538 1129 3596 Et
1140 3554 1244 3614 quam·
1259 3555 1289 3602 30

239 3665 333 3724 quam
354 3647 479 3725 saepius
501 3652 707 3720 revocaretur,
728 3651 835 3705 tamen
857 3643 1079 3722 perseveravit,
1102 3648 1243 3701 metuens

238 3770 278 3811 ne
291 3751 415 3813 vicinus
433 3757 465 3812 et
480 3750 665 3829 praevadens
685 3750 786 3810 hostis
803 3751 937 3811 instaret
950 3749 1034 3808 ultro
1051 3746 1242 3807 oedenubus.

1042 3164 1172 3223 ulyxem
