3106 4378
512 301 623 352 arnna
647 303 697 352 rr.
749 302 778 353 c.
806 301 1003 354 cinisum.
1224 291 1265 356 67

256 473 407 549 regendos
421 471 550 532 navium
564 491 672 532 cursus
687 472 776 550 ignes
791 473 978 550 emicarent,
999 475 1264 553 pronuntiatoque

257 577 352 637 militi
373 577 523 637 donativo
540 577 680 637 centenis
695 578 817 637 viritim
838 579 985 654 denariis,
1001 579 1092 656 quasi
1110 599 1200 639 omne
1215 599 1265 640 ex·
1299 592 1305 603 ·

256 683 394 762 emplum
409 682 610 744 liberalitatis
626 702 846 760 supergressus
858 685 957 760 Aque,
969 685 1082 762 inquit,
1095 688 1173 760 loeti,
1185 689 1264 745 obite

256 792 432 866 locupletes!
867 805 870 810 ·

204 907 241 960 47
296 896 473 956 Conversus
496 894 571 955 hinc
594 895 634 954 ad
656 913 762 954 curam
787 895 950 973 triumphi,
976 902 1099 974 praeter
1121 895 1295 974 captivost

255 1021 292 1062 ac
305 1001 490 1077 transfugas
509 1000 656 1061 barbaros
676 999 852 1059 Galliarum
872 1019 995 1077 quoque
1010 1001 1262 1078 procerissimum

256 1125 411 1184 quemque
426 1111 458 1166 et
473 1105 522 1184 (ut
537 1105 605 1184 ipse
624 1105 760 1186 dicebat)
774 1106 1031 1184 ἀξιόθριάμβευτον,

255 1231 292 1272 ac
306 1211 474 1272 nonnullos
486 1230 525 1270 ex
539 1210 735 1288 principibus
751 1209 828 1284 legit
842 1228 877 1270 ac
892 1211 1033 1287 seposuit

256 1317 296 1376 ad
310 1335 466 1394 pompam,
482 1317 645 1392 coegitque
656 1335 720 1375 non
734 1321 858 1374 tantum
874 1315 1005 1375 rutilare
1019 1322 1051 1375 et
1066 1317 1263 1377 summittere

256 1441 385 1496 comam,
408 1422 463 1481 sed
484 1427 516 1480 et
538 1439 711 1480 sermonem
734 1420 954 1480 Germanicum
976 1421 1137 1481 addiscere
1158 1427 1190 1480 et
1212 1441 1264 1482 no
1280 1438 1311 1484 ιο
1362 1489 1365 1493 ,

256 1527 342 1586 mina
362 1527 523 1590 barbarica
544 1526 636 1584 ferre.
655 1539 656 1544 ’
678 1524 843 1603 Praecepit
865 1526 960 1585 etiam
981 1526 1130 1600 triremis,
1148 1527 1263 1603 quibus

256 1631 420 1691 introierat
449 1632 616 1704 Oceanum,
646 1650 759 1706 magna
786 1649 825 1688 ex
852 1636 941 1708 parte
976 1630 1090 1690 itinere
1121 1631 1264 1690 terrestri

256 1738 389 1796 Romam
412 1736 543 1814 devehi.¹
578 1735 712 1812 Scripsit
731 1741 762 1794 et
784 1737 1045 1813 procuratoribus,
1067 1736 1262 1813 triumphum

256 1846 444 1919 appararent
464 1860 557 1917 quam
575 1840 707 1900 minima
721 1859 851 1915 summa,
868 1841 923 1900 sed
938 1847 1075 1917 quantus
1093 1861 1263 1919 numquam

255 1947 337 2006 alius
365 1946 490 2020 fuisset,
519 1945 646 2023 quando
675 1945 710 2003 in
737 1945 877 2004 omnium
908 1945 1071 2005 hominum
1104 1947 1186 2006 bona
1214 1947 1263 2007 ius
1281 1963 1309 2008 15

256 2051 415 2111 haberent.
770 2133 772 2138 ¹

206 2163 242 2214 48
296 2156 485 2233 Priusquam
508 2155 671 2233 provincia
692 2156 864 2230 decederet,
879 2155 1047 2216 consilium
1067 2156 1141 2216 iniit
1157 2159 1265 2217 nefan-

257 2263 314 2322 dae
339 2261 523 2336 atrocitatis,
552 2260 701 2336 legiones,
730 2279 809 2337 quae
837 2267 910 2338 post
937 2280 1098 2322 excessum
1126 2263 1263 2337 Augusti

257 2367 443 2427 seditionem
479 2366 554 2426 olim
587 2371 760 2440 moverant,
789 2365 1037 2441 contrucidandi,

257 2472 340 2549 quod
364 2477 396 2531 et
420 2476 541 2549 patrem
566 2489 658 2530 suum
681 2470 904 2530 Germanicum
927 2471 1037 2530 ducem
1063 2467 1164 2516 Plauto
1174 2480 1241 2514 Μ·
1280 2487 1310 2532 ao

257 2583 289 2636 et
311 2595 344 2637 se
369 2577 525 2636 infantem
549 2581 625 2636 tunc
650 2575 856 2650 obsedissent,
880 2575 996 2652 vixque
1019 2594 1038 2635 a
1063 2542 1242 2662 ζῗξέξξὲἰω

256 2688 322 2742 tam
336 2680 503 2760 praecipiti
513 2681 702 2756 cogitatione
716 2686 889 2754 revocatus,
901 2681 1038 2740 inhiberi
1058 2711 1060 2715 ·
1163 2684 1165 2689 ’

258 2787 345 2846 nullo
374 2787 466 2846 modo
500 2786 604 2864 potuit
632 2785 710 2863 quin
745 2785 901 2845 decimare
930 2785 1012 2845 velle
1040 2792 1262 2863 perseveraret.

258 2893 392 2954 Vocatus
406 2892 513 2970 itaque
528 2892 569 2952 ad
582 2891 759 2952 contionem
773 2891 918 2966 inermes,
930 2898 1024 2968 atque
1039 2891 1133 2951 etiam
1150 2890 1264 2966 gladiis

259 2997 420 3076 depositis,
436 2998 579 3075 equitatu
594 3003 715 3058 armato
729 2995 944 3057 circumdedit.
982 2997 1044 3056 Sed
1058 3016 1128 3055 cum
1143 2996 1265 3056 videret
1282 3011 1311 3056 25

259 3108 405 3180 suspecta
429 3121 462 3161 re
485 3103 652 3181 plerosque
677 3102 776 3163 dilabi
800 3103 840 3162 ad
865 3103 1052 3162 resumenda
1077 3101 1104 3161 si
1129 3101 1265 3179 quavis

259 3206 348 3266 fieret
359 3227 454 3282 arura,
465 3209 609 3286 profugit
618 3209 795 3269 contionem
810 3209 1039 3285 confestimque
1053 3207 1162 3267 urbem
1174 3207 1265 3284 petit,

260 3312 382 3372 deflexa
405 3315 490 3373 omni
515 3315 685 3375 acerbitate
709 3315 743 3373 in
766 3319 919 3390 senatum,
943 3314 993 3373 cui
1016 3314 1056 3373 ad
1079 3313 1266 3372 avertendos

259 3424 417 3479 tantorum
434 3421 620 3481 dedecorum
642 3439 780 3480 rumores
795 3421 899 3499 palam
915 3420 1110 3490 minabatur;
1133 3436 1265 3494 querens

259 3524 342 3584 inter
356 3532 460 3586 cetera
473 3526 653 3587 fraudatum
671 3543 704 3585 se
718 3526 802 3586 iusto
815 3525 986 3603 triumpho,
1001 3544 1071 3585 eum
1086 3524 1155 3602 ipse
1173 3523 1267 3601 paulo
1283 3535 1312 3582 ³0

260 3636 342 3706 ante,
370 3650 411 3691 ne
439 3631 516 3709 quid
544 3632 583 3691 de
611 3631 781 3691 honoribus
810 3630 875 3690 suis
903 3636 1056 3706 ageretur,
1085 3629 1180 3690 etiam
1209 3628 1268 3688 sub

208 3745 247 3799 49
262 3736 371 3797 mortis
399 3755 500 3817 poena
527 3736 752 3800 denuntiasset
806 3735 923 3799 Aditus
951 3754 1025 3812 ergo
1049 3734 1083 3800 iu
1107 3733 1220 3798 itinere
1249 3743 1268 3792 a

1062 1173 1108 1220 His
1118 1174 1231 1233 triumph
1263 1239 1266 1245 ἣ
