3106 4378
481 313 594 364 Lines
617 313 651 362 v.
705 310 818 362 nrvus
841 309 1035 362 cosumus.
1222 299 1263 363 89
1289 289 1291 294 ’

256 489 377 551 toribus
399 492 485 548 certa
505 487 592 546 lucra
613 485 786 564 proposuit,
809 489 955 563 suscepto
976 483 1009 543 in
1032 502 1065 544 se
1090 484 1212 558 damn0,
1235 484 1263 544 si

257 595 308 655 cui
323 594 399 673 quid
418 611 475 673 per
491 597 696 671 tempestates
714 589 890 665 accidisset,
905 595 937 649 et
956 608 1052 649 naves
1072 596 1263 649 mercaturae

258 719 351 761 causa
370 697 599 760 fabricantibus
619 715 733 784 magna
752 695 915 762 commoda
937 694 1104 755 constituit
1118 713 1175 772 pro
1195 712 1265 754 con-

207 821 244 871 19
258 805 381 866 dicione
394 803 561 888 cuiusque;
574 801 647 862 'civi
657 794 857 862 vacationem
865 799 944 876 legis
956 799 1074 879 Papiae
1089 801 1263 878 Poppaeae,

258 909 373 970 Latino
393 909 443 969 ius
464 907 645 983 Quiritium,
672 906 800 973 feminis
823 906 872 967 ius
900 889 1050 983 quattuor
1077 889 1294 981 liberorum35
1336 893 1339 908 ⁴

258 1035 338 1094 quae
359 1013 532 1075 constituta
552 1011 707 1089 hodieque
728 1016 901 1071 servantur.
993 1000 995 1005 ’
1278 1087 1279 1090 ¹

205 1117 244 1185 20¹
299 1121 402 1199 Opera
421 1137 534 1196 magna
548 1117 749 1196 potiusquam
769 1115 946 1176 necessaria
959 1122 992 1177 et
1005 1115 1107 1176 multa
1120 1115 1264 1194 perfecit,

259 1224 385 1288 sedvel
406 1224 589 1303 praecipua:
612 1223 743 1282 ductum
765 1241 917 1300 aquarum
936 1240 955 1282 a
974 1221 1054 1282 Gaio
1072 1220 1264 1296 incohatum,

258 1333 334 1392 item
349 1329 546 1391 emissarium
561 1328 673 1388 Fucini
684 1326 771 1388 lacus
783 1332 972 1406 portumque
983 1326 1038 1388 Os·
1063 1393 1151 1440 Pubuc
1160 1394 1245 1440 ms

258 1438 400 1512 tiensem,
415 1453 605 1515 quamquam
625 1433 718 1494 sciret
735 1433 829 1493 exiis
849 1433 984 1493 alterum
999 1435 1038 1495 ab
1282 1448 1311 1493 10

258 1524 403 1621 Augusto
422 1540 621 1621 precantibus
637 1538 762 1600 assidue
783 1539 899 1600 Marsis
918 1546 1077 1618 negatum,
1093 1543 1226 1602 alterum
1247 1561 1267 1602 a

258 1650 342 1709 Divo
363 1647 447 1707 Iulio
472 1645 597 1725 saepius
621 1644 813 1705 destinatum
839 1663 875 1705 ac
898 1651 1025 1724 propter
1048 1646 1266 1708 difficultatem

259 1755 417 1814 omissum.
459 1751 609 1814 Claudiae
626 1769 725 1828 aquae
744 1751 864 1828 gelidos
883 1757 915 1811 et
933 1752 1044 1813 uberes
1061 1754 1176 1831 fontes,
1194 1774 1271 1833 quo.

259 1880 328 1920 rum
343 1859 435 1920 alteri
444 1858 603 1934 Caeruleo,
615 1858 708 1918 alteri
719 1858 828 1918 Curtio
839 1866 871 1918 et
879 1857 1063 1935 Albudigno
1077 1879 1191 1920 nemen
1206 1867 1265 1936 est,

260 1966 416 2044 simulque
442 1965 546 2024 rivum
572 1963 707 2024 Anienis
734 1965 810 2024 novi
838 1963 962 2042 lapidee
982 1984 1074 2042 opere
1100 1966 1133 2025 in
1157 1967 1265 2026 urbem
1283 1978 1311 2022 ιιι

259 2071 416 2151 perduxit,
438 2069 610 2148 divisitque
634 2070 669 2128 in
693 2069 845 2148 plurimos
870 2075 903 2130 et
929 2071 1144 2132 ornatissimos
1169 2072 1265 2132 lacus.

260 2177 415 2238 Fucinum
434 2178 600 2254 adgressus
619 2182 677 2253 est,
692 2174 755 2236 non
778 2177 882 2237 minus
901 2178 1080 2256 compendii
1099 2197 1154 2256 spe
1172 2197 1269 2256 quam

260 2283 386 2360 gloriae,
401 2302 472 2343 eum
490 2283 618 2361 quidam
641 2282 766 2362 private
786 2289 916 2361 sumptu
935 2283 1102 2344 emissuros
1117 2303 1150 2345 se
1165 2304 1267 2363 repre

260 2389 432 2464 mitterent,
458 2388 486 2449 si
513 2388 574 2449 sibi
599 2389 709 2450 siccati
733 2389 800 2465 agri
826 2390 1074 2450 concederentur.
1118 2391 1179 2450 Per
1202 2389 1267 2449 tria
1322 2431 1324 2434 -

261 2500 365 2554 autem
390 2513 539 2572 passuum
561 2493 651 2554 milia
675 2493 791 2572 partim
812 2494 926 2554 effosso
950 2501 1057 2554 monte
1079 2495 1195 2572 partim
1217 2515 1266 2555 ex·
1281 2506 1310 2550 ao
1394 2526 1395 2530 =

261 2599 333 2675 cieo,
346 2599 486 2659 canalem
501 2599 637 2660 absolvit
652 2618 742 2675 aegre
753 2605 785 2659 et
796 2605 868 2677 pest
881 2600 1027 2660 undecim
1042 2619 1149 2675 annos,
1161 2620 1266 2677 qnam·
1358 2672 1361 2680 .

259 2704 309 2765 vis
328 2705 486 2765 continuis
505 2706 602 2765 XXX
620 2704 782 2765 hominum
803 2705 930 2766 milibus
950 2706 1018 2767 sine
1032 2706 1265 2766 intermissione

260 2811 469 2889 operantibus.
512 2812 643 2871 Portum
660 2810 767 2874 Ostiae
785 2811 951 2888 exstruxit,
966 2811 1179 2872 circumducto
1194 2813 1265 2871 dex-

260 2923 310 2977 tra
324 2895 514 2994 sinistraque
525 2915 652 2976 brachio
667 2921 699 2976 et
712 2917 754 2976 ad
767 2916 933 2977 introitum
947 2917 1105 2996 profundo
1119 2917 1182 2976 iam
1198 2917 1264 2977 salo

260 3021 341 3082 mole
360 3007 497 3097 obiecta,
520 3041 614 3100 quam
633 3041 695 3100 quo
714 3022 859 3084 stabilius
878 3023 1036 3097 fundaret,
1057 3042 1167 3082 navem
1192 3029 1264 3082 ante
1280 3035 1309 3080 tt

260 3127 418 3202 demersit,
434 3147 496 3206 qua
509 3146 641 3204 magnus
655 3126 810 3188 obeliscus
825 3147 864 3188 ex
878 3127 1025 3207 Aegypto
1039 3128 1144 3188 fuerat
1158 3128 1264 3187 advee

259 3238 320 3309 tus,
336 3233 555 3312 congestisque
574 3233 648 3312 pilis
668 3234 868 3312 superposuit
887 3233 1080 3294 altissimam¹
1093 3239 1212 3293 turrem
1229 3233 1264 3292 in

260 3340 438 3418 exemplum
456 3338 665 3399 Alexandrini
679 3339 786 3415 Phari,
801 3344 838 3398 ut
857 3340 898 3399 ad
910 3344 1078 3400 nocturnos
1093 3338 1181 3414 ignes
1199 3357 1264 3398 cur-

260 3463 329 3504 sum
343 3443 471 3524 navigia
485 3443 665 3521 dirigerent.

207 3551 244 3602 21
264 3606 267 3613 ,
300 3549 467 3627 Congiaria
475 3549 591 3629 popule
601 3549 725 3629 saepius
737 3548 908 3612 distribuit.
945 3549 1130 3630 Spectacula
1140 3569 1263 3628 quoque
1280 3557 1308 3602 ³⁰

260 3655 421 3733 complura
439 3661 471 3716 et
484 3655 651 3731 magnifica
667 3654 776 3731 edidit,
792 3675 855 3716 non
868 3655 988 3716 usitata
1003 3657 1096 3716 modo
1110 3674 1147 3715 ac
1161 3655 1264 3716 solitis

259 3758 346 3836 locis,
368 3761 424 3820 sed
446 3765 478 3820 et
502 3759 720 3821 commenticia
741 3765 772 3821 et
793 3779 832 3820 ex
853 3759 1044 3839 antiquitate
1065 3759 1264 3838 repetita-et
