3106 4378
277 293 341 357 132
379 304 410 357 c.
430 304 587 356 suuroru
606 304 835 368 recusamur
848 305 905 354 ms
927 305 1018 355 vrrs
1038 306 1240 358 olusianus

275 481 317 542 Τὸ
336 479 445 559 τέχνιον
465 480 539 556 ἡμᾶς
562 477 709 557 decipias,
731 495 793 554 quo
817 477 933 537 maiore
962 477 1083 538 scilicet
1104 481 1197 540 venia
1225 500 1286 542 me

275 584 430 645 ditaretur
466 583 709 644 citharoedicam
744 587 853 657 artem,
883 582 1019 661 principi
1055 584 1116 644 sibi
1152 592 1284 663 gratam,

276 689 401 768 privato
422 687 639 748 necessariam.
691 687 930 764 Spoponderaut
956 693 1062 748 tamen
1087 689 1216 766 quidam
1237 692 1286 752 de-

276 794 389 856 stituto
411 791 550 854 Orientis
573 790 828 866 dominationem,
844 791 989 851 nonnulli
1013 794 1200 855 nominatim
1221 816 1286 874 reg·

245 919 352 965 snum
373 897 676 977 Hierosolymorum,
698 895 804 975 plures
826 897 928 957 omnis
958 897 1111 976 pristinae
1139 901 1286 962 fortunae

276 1004 517 1066 restitutionem.
562 1003 622 1065 Oui
641 1002 709 1081 spei
729 1003 865 1082 pronior,
887 1004 1055 1064 Britannia
1074 1004 1286 1085 Armeniaque

276 1110 393 1172 amissa
405 1129 441 1170 ac
455 1129 564 1170 rursus
583 1115 716 1187 utraque
734 1114 868 1186 recepta,
884 1108 1070 1169 defunctum
1086 1130 1119 1170 se
1132 1112 1285 1174 fatalibus

276 1215 369 1276 malis
384 1214 595 1276 existimabat.
649 1215 697 1276 Ut
711 1232 793 1289 vero,
809 1213 953 1273 consulto
975 1214 1111 1292 Delphis
1126 1217 1285 1294 Apolline,

278 1319 568 1399 septuagensimum
580 1338 615 1379 ac
626 1319 756 1379 tertium
766 1337 883 1378 annum
893 1321 1068 1378 cavendum
1081 1321 1141 1381 sibi
1153 1323 1285 1398 audivit,

232 1438 262 1486 ιο
277 1427 368 1504 quasi
389 1444 425 1486 eo
447 1426 574 1485 demum
595 1424 748 1500 obiturus,
764 1443 799 1484 ac
818 1423 902 1483 nihil
923 1425 1101 1487 coniectans
1124 1428 1161 1486 de
1183 1435 1287 1489 aetate

279 1531 406 1608 Galbae,
421 1536 513 1590 tanta
531 1529 649 1590 fiducia
666 1548 729 1590 nou
750 1529 844 1590 modo
864 1535 1021 1590 senectam
1037 1531 1202 1592 sedetiam
1221 1553 1288 1611 per-

278 1643 405 1715 petuam
433 1634 687 1713 singularemque
715 1634 858 1712 concepit
887 1634 1082 1710 felicitatem,
1106 1642 1141 1695 ut
1163 1638 1287 1698 amissis

278 1741 444 1818 naufragio
459 1740 699 1819 pretiosissimis
713 1740 806 1801 rebus
823 1758 887 1799 non
905 1739 1098 1800 dubitaverit
1114 1741 1196 1801 inter
1215 1762 1286 1803 suos

279 1847 391 1922 dicere,
401 1850 501 1922 pisces
516 1865 568 1906 eas
582 1849 641 1905 sibi
654 1848 811 1905 relaturos.

234 1967 263 2014 15
318 1950 455 2030 Neapoli
469 1952 509 2011 de
527 1957 616 2011 motu
634 1950 811 2012 Galliarum
830 1950 977 2027 cognorit
995 1951 1047 2011 die
1062 1951 1132 2030 ipso
1146 1973 1208 2030 quo
1227 1974 1288 2014 ma

278 2063 359 2118 trem
374 2056 539 2132 occiderat,
552 2057 692 2133 adeoque
706 2055 791 2116 lente
808 2075 844 2116 ac
859 2075 966 2116 secure
980 2056 1057 2116 tulit
1072 2063 1107 2118 ut
1122 2060 1288 2135 gaudentis

279 2163 376 2224 etiam
402 2162 611 2240 suspicionem
636 2161 808 2240 praeberet,
837 2166 1000 2238 tamquam
1029 2163 1190 2224 occasione
1214 2171 1290 2224 nata

279 2267 513 2347 spoliandarum
531 2267 599 2327 iure
614 2266 692 2327 belli
709 2266 1023 2345 opulentissimarum
1038 2260 1287 2346 provinciarum,

280 2373 451 2451 statimque
472 2373 507 2432 in
532 2372 732 2451 gymnasium
757 2390 951 2450 progressus,
975 2373 1126 2434 certantis
1152 2374 1289 2435 athletas

233 2491 264 2538 ao
279 2478 472 2539 effusissimo
491 2478 597 2538 studio
618 2477 781 2556 spectavit.
826 2479 928 2538 (ienae
949 2496 1072 2555 quoque
1093 2484 1232 2558 tempore
1246 2481 1291 2539 in-

279 2583 466 2662 terpellatus
484 2582 781 2643 tumultuosioribus
799 2582 926 2657 litteris,
943 2581 1095 2643 hactenus
1112 2586 1289 2661 excanduit,

279 2694 317 2750 ut
330 2688 449 2749 malum
462 2688 503 2748 iis
515 2689 571 2765 qui
582 2688 757 2749 descissent
771 2687 954 2748 minaretur.
998 2688 1143 2766 Denique
1157 2696 1292 2768 perocto
1389 2749 1391 2756 ,

279 2794 444 2855 continuos
461 2794 528 2854 dies
543 2813 606 2853 uon
621 2793 792 2854 rescribere
807 2793 963 2871 cuiquam,
977 2813 1046 2854 non,
1055 2794 1203 2854 mandare
1215 2797 1292 2873 quid

281 2904 336 2961 aut
350 2899 528 2977 praecipere
543 2904 684 2974 conatus,
696 2917 762 2958 rem
777 2898 905 2958 silentio
920 2897 1125 2959 oblitteravit.
1169 2901 1291 2961 Edictis
1306 2914 1344 2964 41

235 3021 265 3067 as
280 3004 410 3066 tandem
423 3003 568 3064 Vindicis
589 3004 824 3064 contumeliosis
839 3008 872 3064 et
887 3004 1106 3082 frequentibus
1122 3012 1292 3083 permotus,
1347 3019 1350 3024 '

282 3116 427 3198 senatum
446 3110 585 3188 epistula
603 3111 638 3170 in
652 3110 803 3171 ultionem
826 3110 876 3170 sui
896 3110 1003 3188 reique
1024 3111 1168 3189 publicae
1185 3112 1294 3172 adhor-

282 3220 369 3276 tatus
387 3221 445 3291 est,
461 3221 610 3276 excusato
625 3215 782 3292 'languore
802 3216 951 3291 faucium,
969 3221 1099 3294 propter
1117 3235 1210 3293 quem
1230 3235 1294 3277 non

283 3321 415 3382 adesset.
459 3320 553 3380 Nihil
575 3327 681 3381 autem
703 3339 801 3398 aeque
823 3320 934 3396 doluit,
951 3340 1045 3399 quam
1064 3327 1102 3381 ut
1121 3322 1238 3381 malurn
1261 3341 1294 3382 se

284 3425 500 3487 citharoedum
520 3426 709 3504 increpitum
729 3445 765 3488 ac
784 3445 841 3506 pro
859 3427 985 3486 Nerone
1005 3427 1228 3489 Aenobarbum
1244 3446 1296 3506 ap

239 3550 270 3597 eo
285 3531 447 3611 pellatum.
491 3533 534 3592 Et
548 3551 662 3593 nomen
680 3532 810 3610 quidem
829 3532 956 3609 gentile,
971 3533 1056 3610 quod
1075 3533 1137 3594 sibi
1157 3553 1212 3612 per
1227 3553 1296 3594 con-

285 3637 449 3699 tumeliam
471 3638 720 3716 exprobraretur,
742 3643 976 3716 resumpturum
998 3658 1031 3698 se
1052 3639 1214 3717 professus
1238 3646 1295 3715 est,

286 3743 431 3823 deposito
453 3743 612 3823 adoptivo,
630 3749 735 3804 cetera
750 3742 900 3819 convicia,
912 3748 949 3804 ut
970 3743 1062 3820 falsa,
1081 3764 1145 3804 non
1167 3745 1229 3805 alio
1251 3766 1297 3807 ar-
