3106 4378
305 275 369 340 118
407 287 436 339 c.
461 287 616 338 surroru
635 286 864 350 ranucmnnr
883 288 933 337 nn
954 288 1046 338 vira
1067 263 1269 340 causarum

305 460 440 522 militem
455 459 593 537 positum
609 459 648 518 ad
663 459 839 519 custodiam
854 459 969 535 aditus,
986 478 1055 520 cum
1071 479 1141 520 eurn
1157 461 1262 522 ornari
1276 481 1312 522 ac
1351 461 1353 466 ⁸

308 566 419 625 vinciri
447 565 576 640 catenis,
606 563 688 624 sicut
716 571 935 640 argumentum
964 565 1154 643 postulabat,
1181 567 1310 641 videret,

306 670 477 731 accurrisse
498 669 647 729 ferendae
668 669 737 747 opis
759 669 869 746 gratia.

345 777 506 852 Equorum
522 774 627 834 studio
641 775 693 834 vel
707 775 873 853 praecipue
891 776 931 835 ab
945 775 1072 836 ineunte
1088 782 1189 836 aetate
1204 776 1312 853 flagra
1325 784 1363 836 22

274 894 290 940 c
306 881 362 955 vit,
377 879 594 958 plurimusque
613 877 661 937 illi
680 897 790 954 sermo,
806 898 993 957 quamquam
1009 888 1182 958 vetaretur,
1198 883 1237 941 de
1256 881 1312 942 cir-

531 984 676 1045 censibus
686 990 766 1059 erat,
790 989 822 1043 et
833 985 989 1061 quondam
1002 991 1137 1045 tractum
1148 987 1309 1064 prasinum

531 1089 717 1164 agitatorem
726 1089 809 1148 inter
817 1089 1048 1167 condiscipulos
1060 1110 1203 1168 quereus,
1211 1093 1311 1152 obiur-

532 1201 625 1271 gante
644 1193 832 1272 paedagogo,
849 1195 887 1253 de
904 1195 1041 1254 Hectore
1060 1215 1092 1255 se
1110 1196 1196 1273 loqui
1211 1216 1311 1257 ernen-

305 1300 385 1359 titus
406 1305 463 1360 est.
508 1300 569 1360 Sed
593 1317 665 1358 cum
689 1299 772 1359 inter
797 1299 892 1360 initia
915 1300 1041 1378 imperii
1067 1302 1211 1362 eburneis
1239 1321 1311 1380 qua-

260 1416 290 1461 10
306 1404 405 1481 drigis
423 1405 538 1464 cotidie
555 1406 589 1463 in
606 1405 702 1464 abaco
718 1404 850 1481 luderet,
866 1406 907 1464 ad
927 1405 1028 1466 omnis
1048 1407 1144 1466 etiam
1163 1407 1310 1467 minimos

305 1512 459 1570 circenses
481 1529 497 1570 e
520 1529 642 1570 secessu
664 1511 866 1583 commeabat,
882 1511 983 1588 primo
1004 1511 1094 1587 clam,
1110 1512 1223 1571 deinde
1243 1531 1311 1590 pro

305 1598 415 1693 palam*
420 1639 427 1691 3
450 1621 485 1675 ut
500 1615 618 1674 nemini
633 1616 764 1675 dubium
779 1622 870 1691 esset,
886 1634 922 1675 eo
937 1617 988 1695 die
1003 1617 1113 1694 utique
1128 1617 1307 1677 affuturum.

303 1721 416 1798 Neque
441 1720 661 1781 dissimulabat
685 1720 768 1780 velle
797 1740 829 1780 sc
857 1721 1031 1799 palmarum
1057 1741 1221 1782 numerum
1248 1741 1310 1782 am-

304 1826 421 1904 pliare,
443 1845 538 1903 quare
548 1827 761 1903 spectaculum
772 1825 991 1904 multiplicatis
1002 1827 1150 1887 missibus
1161 1827 1195 1887 in
1207 1846 1309 1888 serum

260 1946 289 1991 1t
305 1931 553 2009 protrahebatur,
568 1949 608 1990 ne
623 1931 759 1991 dominis
774 1932 900 2008 quidem
916 1931 979 1992 iarn
994 1933 1168 1992 factionum
1182 1933 1310 2009 dignan-

304 2035 390 2095 tibus
407 2036 469 2096 nisi
486 2037 527 2095 ad
543 2036 641 2096 totius
661 2036 725 2096 diei
745 2055 870 2096 cursum
890 2053 1007 2114 greges·
1018 2037 1139 2097 ducere.
1183 2039 1259 2097 Mox
1278 2045 1310 2097 et

304 2141 372 2219 ipse
390 2142 532 2218 aurigare
551 2147 645 2219 atque
663 2143 758 2202 etiam
778 2145 913 2220 spectari
931 2143 1055 2221 saepius
1070 2143 1180 2219 voluit,
1197 2145 1310 2223 posito-

305 2265 365 2324 que
380 2247 414 2306 in
428 2247 528 2306 hortis
539 2247 622 2307 inter
633 2249 763 2308 servitia
774 2254 806 2308 et
818 2248 975 2308 sordidam
985 2248 1109 2326 plebem
1123 2249 1309 2329 rudimento,

304 2353 521 2412 universorum
540 2371 574 2413 se
593 2353 692 2413 oculis
712 2355 746 2412 in
765 2354 855 2414 Circo
873 2353 1014 2414 Maximo
1031 2355 1185 2432 praebuit,
1203 2357 1309 2435 aliquo

259 2469 289 2514 20
304 2457 420 2518 liberto
433 2459 581 2519 mittente
601 2479 748 2538 mappam
768 2461 851 2519 unde
872 2461 1075 2536 magistratus
1091 2461 1201 2520 solent.
1243 2463 1310 2524 Nee

305 2570 470 2624 contentus
503 2564 614 2624 harum
642 2566 756 2625 artium
786 2567 1001 2644 experimenta
1029 2566 1147 2626 Romae
1175 2567 1308 2645 dedisse,

305 2669 524 2745 Achaiam,·ut
546 2671 693 2746 diximus,
714 2671 803 2750 petit,
826 2672 900 2731 hinc
922 2672 1058 2732 maxime
1079 2677 1200 2733 motus:
1223 2673 1310 2734 insti-

304 2781 431 2835 tuerant
455 2775 610 2851 civitates,
636 2778 720 2855 apud
745 2797 823 2856 quas
848 2778 959 2838 musici
983 2796 1099 2853 agones
1123 2778 1173 2838 edi
1198 2778 1308 2855 solent,

305 2900 413 2941 omnes
441 2883 689 2944 citharoedorum
720 2903 848 2946 coronas
876 2886 917 2945 ad
941 2885 1042 2963 ipsum
1070 2885 1203 2944 mittere.
1246 2887 1309 2946 Ea's
1362 2947 1366 2955 ,

260 3003 289 3049 25
305 2986 382 3046 adeo
406 2995 493 3063 grate
518 2990 698 3068 recipiebat,
719 2997 755 3051 ut
778 2992 908 3068 legatos,
931 2993 986 3069 qui
1010 2992 1224 3070 pertulissent,
1247 3011 1310 3051 non

306 3087 397 3151 modo
421 3094 538 3172 primos
563 3098 753 3174 admitteret,
776 3099 830 3158 sed
854 3099 950 3158 etiam
975 3098 1185 3159 familiaribus
1207 3098 1309 3177 epulis

305 3195 525 3276 interponeret.
569 3202 598 3260 A
620 3203 807 3280 quibusdam
829 3224 868 3264 ex
890 3205 941 3265 his
962 3212 1090 3282 rogatus
1111 3210 1147 3264 ut
1168 3209 1309 3263 cantaret

306 3321 399 3381 super
413 3323 531 3381 cenam,
543 3315 753 3388 exceptusque
766 3301 909 3386 effusius,
918 3314 995 3372 solos
1009 3316 1083 3372 scire
1094 3314 1200 3370 andire
1218 3312 1310 3371 Grue-

305 3458 419 3517 uppem
429 3458 455 3504 in
531 3435 588 3489 cos,
604 3419 736 3494 solosque
750 3438 780 3478 se
792 3427 818 3478 et
830 3422 939 3478 stadiis
954 3423 1017 3478 sicis
1029 3421 1134 3495 dipnos
1145 3417 1197 3476 ait.
1241 3417 1309 3476 Nec

260 3528 289 3574 30
305 3534 479 3581 variouscele
532 3523 725 3600 profectione
761 3525 869 3599 dilata,
903 3531 940 3584 ut
973 3523 1109 3602 primum
1137 3523 1308 3600 Cassiopen

304 3607 416 3654 ΜΨ
531 3627 665 3700 traiecit,
686 3629 793 3687 statim
812 3631 852 3688 ad
871 3649 957 3690 aram
974 3629 1060 3688 Iovis
1079 3629 1164 3688 Casii
1183 3635 1308 3688 cantare

304 3729 494 3806 auspicatus,
505 3731 676 3790 certamina
684 3731 830 3811 deinceps
840 3734 919 3794 obiit
928 3734 1039 3794 omnia
1083 3735 1166 3794 Nam
1183 3740 1215 3794 et
1229 3753 1309 3812 quae
1323 3742 1361 3793 23

305 1064 413 1112 Passim
422 1062 461 1110 ior

305 1139 393 1186 horres
