3106 4378
497 309 610 360 nisus
633 309 683 361 1v.
735 309 764 360 c.
791 308 989 362 casrcunn
1207 297 1249 363 57

241 483 381 559 saginam
403 482 543 542 ferarum
564 480 686 540 muneri
710 487 967 559 praeparatarum
990 481 1093 542 carius
1115 482 1249 560 pecudes

241 594 505 666 compararentur,
528 605 568 646 ex
588 585 693 646 noxiis
717 585 882 646 laniandos
907 587 1072 648 adnotavit
1096 593 1128 648 et
1151 594 1251 648 custo

242 694 364 755 diarum
380 692 492 753 seriem
506 709 738 768 recognoscens,
748 690 868 752 nullius
883 691 1026 770 inspecto
1040 691 1149 768 elogio,
1162 699 1249 755 stans

243 805 366 860 tantum
377 799 470 858 modo
484 797 569 857 intra
582 795 739 875 porticum
750 790 896 872 inediam,
906 816 927 857 c
940 799 1022 858 culco
1047 831 1157 879 mh„

242 909 284 965 od
296 907 415 965 calcum
429 903 502 963 duci
513 901 689 984 imperavit.
732 903 850 962 Votum
865 901 970 980 exegit
983 902 1023 963 ab
1048 905 1215 966 exempleant
1266 913 1281 958 5

243 1030 287 1086 eo,
303 1010 359 1087 qui
380 1027 437 1087 pro
458 1009 559 1070 salute
580 1025 638 1068 sua
657 1006 878 1085 gladiatoriam
896 1026 1022 1086 operam
1048 982 1149 1042 cmsrty

242 1115 438 1194 promiserat,
461 1113 679 1192 spectavitque
703 1112 789 1172 ferro
813 1112 1025 1188 dimicantem,
1047 1131 1105 1174 nec
1129 1112 1252 1175 dimisit

242 1220 305 1282 nisi
328 1220 481 1280 victorem
505 1224 538 1278 et
562 1223 635 1296 post
658 1217 776 1278 multas
800 1237 916 1297 preces.
961 1218 1115 1295 Alterum,
1138 1219 1193 1297 qui
1218 1238 1251 1280 se

242 1325 417 1404 periturum
430 1324 514 1384 eade
525 1328 767 1399 causaroverat,
778 1328 980 1384 cunctantem
989 1321 1095 1402 pueris
1104 1324 1250 1401 tradidit;

243 1431 448 1492 verbenatum
472 1428 707 1506 infulatumque
731 1434 841 1488 votum
865 1434 1063 1507 reposcentes
1087 1448 1143 1507 per
1164 1430 1251 1489 vicos
1268 1439 1297 1485 10

243 1541 380 1613 agerent,
393 1534 495 1612 quoad
509 1532 771 1612 praecipitaretur
782 1551 821 1593 ex
832 1552 952 1610 aggere.
995 1534 1115 1596 Multos
1126 1534 1251 1595 honesti

243 1641 372 1716 ordinis,
387 1639 580 1700 deformatos
597 1638 686 1716 prius
706 1638 889 1715 stigmatum
908 1639 1002 1715 notis,
1017 1641 1058 1700 ad
1077 1640 1206 1700 metalla
1219 1646 1253 1701 et

243 1746 435 1806 munitiones
453 1744 575 1804 viarum
595 1749 651 1804 aut
669 1744 710 1804 ad
728 1744 846 1805 bestias
864 1744 1093 1821 condemnavit,
1111 1751 1166 1806 aut
1186 1746 1252 1806 bes-

243 1851 360 1912 tiarum
374 1868 459 1909 more
471 1849 681 1928 quadripedes
696 1867 791 1910 cavea
805 1848 951 1924 coercuit,
963 1855 1019 1910 aut
1033 1850 1152 1911 medios
1167 1869 1253 1912 serra

243 1955 411 2030 dissecuit3
434 1973 492 2014 nec
512 1972 619 2014 omnes
635 1953 785 2031 gravibus
805 1971 844 2013 ex
862 1954 975 2030 causis,
990 1973 1099 2014 verum
1116 1955 1198 2016 male
1212 1957 1252 2016 de
1269 1966 1297 2013 15

243 2079 371 2120 munere
400 2078 457 2120 suo
484 2059 639 2136 opinatos,
664 2058 716 2118 vel
740 2059 825 2137 quod
850 2078 1020 2138 numquam
1045 2077 1100 2138 per
1125 2061 1252 2137 genium

244 2186 334 2228 suurn
352 2165 553 2225 deierassent.
596 2164 750 2225 Parentes
771 2163 927 2242 supplicio
945 2163 1082 2224 filiorum
1100 2165 1252 2226 interesse

244 2272 391 2347 cogebat,
422 2288 555 2348 quorum
585 2269 641 2328 uni
671 2268 886 2329 valetudinem
914 2271 1078 2330 excusanti
1108 2270 1251 2331 lecticam

243 2376 340 2451 misit,
355 2374 455 2435 alium
476 2393 496 2436 a
517 2373 696 2452 spectaculo
714 2391 833 2451 poenae
853 2374 957 2452 epulis
976 2375 1085 2436 statim
1107 2375 1253 2437 adhibuit

244 2487 338 2560 atque
359 2480 445 2540 omni
466 2478 614 2539 comitate
635 2480 677 2540 ad
695 2478 891 2539 hilaritatem
907 2486 941 2540 et
957 2479 1040 2541 iocos
1060 2481 1250 2559 provocavit.
1268 2496 1299 2544 m

244 2587 426 2647 Curatorern
448 2603 612 2644 munerum
633 2601 670 2644 ac
690 2584 904 2662 venationum,
919 2604 976 2664 per
998 2586 1162 2647 continuos
1183 2586 1252 2648 dies

243 2691 278 2751 in
301 2696 470 2768 conspectu
494 2709 552 2750 suo
573 2689 693 2749 catenis
715 2689 922 2766 verberatum,
944 2710 1007 2751 non
1028 2691 1116 2769 prius
1137 2692 1252 2752 occidit

243 2816 339 2876 quam
347 2796 485 2856 offensus
496 2794 668 2872 putrefacti
679 2795 797 2854 cerebri
809 2795 911 2855 odore.
948 2795 1116 2856 Atellanae
1127 2802 1252 2874 poetam

243 2903 283 2963 ob
303 2900 444 2977 ambigui
465 2898 526 2960 ioci
547 2899 738 2960 versiculum
759 2900 864 2960 modia
885 2900 1111 2979 amphitheatri
1136 2902 1253 2962 harena

243 3008 310 3084 igni
325 3005 484 3068 cremavit.
528 3006 676 3082 Equitem
698 3008 875 3067 Romanum
898 3006 1054 3067 obiectum
1076 3007 1163 3083 feris,
1181 3027 1252 3068 cum
1268 3023 1298 3069 25

190 3119 230 3172 28
245 3131 278 3175 se
301 3112 499 3172 innocentem
523 3110 758 3189 proclamasset,
780 3111 916 3188 reduxit,
939 3111 1122 3190 abscisaque
1144 3112 1254 3188 lingua

245 3237 353 3278 rursus
376 3215 512 3277 induxit.
566 3217 759 3278 Revocatum
787 3220 945 3296 quendam
968 3237 988 3279 a
1009 3225 1115 3278 vetere
1139 3217 1252 3278 exsilio

244 3323 434 3399 sciscitatus,
445 3323 597 3401 quidnam
611 3323 656 3383 ibi
671 3323 775 3384 facere
789 3328 980 3400 consuesset,
991 3324 1201 3402 respondente
1216 3341 1252 3383 eo

243 3449 299 3507 per
313 3429 543 3490 adulationem:
567 3430 649 3490 Deos
656 3449 773 3506 semper
787 3434 875 3491 croci
882 3439 924 3506 at,
933 3434 1015 3507 quod
1028 3433 1133 3504 evcnit,
1138 3433 1252 3505 periret

247 3537 394 3609 Tiberirm
405 3543 433 3594 et
446 3543 480 3594 ta
490 3537 663 3612 imperares,
675 3533 809 3612 opinans
824 3534 886 3596 sibi
898 3553 1024 3614 quoque
1038 3535 1164 3598 exsules
1179 3553 1251 3595 suos
1267 3549 1297 3595 eo

242 3645 375 3701 mortem
403 3639 578 3717 imprecari,
600 3639 689 3700 misit
713 3638 831 3700 circum
854 3639 984 3716 insulas,
1010 3641 1065 3718 qui
1088 3640 1251 3702 universos

241 3743 505 3806 contrucidarent
558 3743 638 3805 Cum
670 3743 808 3822 discerpi
840 3749 1016 3806 senatorem
1044 3745 1250 3823 concupisset,
