3106 4378
449 280 453 290 '
519 292 631 344 amns
654 294 701 346 rv.
755 293 786 346 o.
812 291 1011 346 cinisum„
1227 280 1268 346 61

261 464 332 543 poio
346 464 455 543 stirpis
474 465 622 543 antiquae
639 465 750 542 Magni
766 483 946 542 cognomen.
990 465 1215 541 Ptolemaeum,
1231 465 1270 528 de

261 589 323 648 quo
336 569 456 646 rettuli,
471 575 503 630 et
518 570 703 631 arcessitum
717 589 734 630 e
748 589 845 646 regno
859 577 891 631 et
908 576 1072 648 exceptum
1089 569 1268 646 honorifice,

261 694 323 735 non
344 675 408 735 elia
425 675 464 735 de
485 694 580 736 eausa
597 680 726 753 repente
744 674 909 753 percussit,
929 693 1024 752 quarn
1042 675 1135 752 quod,
1157 676 1269 736 edente

262 799 295 840 se
322 799 447 856 munus,
475 780 650 857 ingressum
679 779 858 858 spectacula
887 779 1079 841 convertisse
1107 779 1270 840 hominum

234 925 238 934 ·
261 885 366 946 ooulos
380 885 503 962 fulgore
518 904 694 964 purpureae
705 885 826 946 abollae
840 885 1072 946 animadvertit.
1115 885 1269 948 Pulchrae
1284 899 1300 946 5

261 997 293 1051 et
307 998 454 1066 comatos,
466 991 613 1068 quotiens
628 990 689 1052 sibi
708 997 914 1068 occurrerent,
924 989 1072 1069 occipitio
1085 1009 1156 1052 raso
1167 991 1270 1052 detur·

261 1096 364 1174 pabat.
407 1098 486 1157 Erat
506 1097 601 1158 Esius
622 1097 774 1158 Proculus
795 1101 886 1174 patre
905 1095 1106 1174 primipilari,
1126 1096 1166 1156 ob
1187 1093 1270 1173 egre

261 1201 344 1278 giam
358 1202 496 1280 oorporis
508 1202 748 1280 amplitudinem
763 1208 795 1262 et
809 1202 945 1280 speciem
958 1201 1137 1264 Colosseros
1151 1201 1268 1280 dictus3

260 1306 344 1367 hunc
366 1307 554 1385 spectaculis
578 1308 753 1368 detractum
779 1313 908 1385 repente
930 1313 964 1367 et
985 1307 1019 1366 in
1042 1307 1193 1367 harenam
1221 1307 1271 1368 de

261 1412 391 1473 ductum
406 1412 539 1473 Thraeci
560 1419 593 1473 et
613 1432 686 1473 mox
706 1412 914 1490 hoplomacho
933 1411 1137 1490 comparavit,
1159 1411 1270 1490 bisque
1286 1425 1315 1470 10

260 1517 411 1579 victorem
433 1517 606 1594 constringi
629 1518 697 1579 sine
717 1536 806 1578 mora
825 1517 920 1578 iussit
940 1522 973 1577 et
992 1516 1108 1595 pannis
1133 1517 1269 1578 obsitum

260 1622 390 1684 vicatim
410 1623 601 1683 circumduci
622 1642 659 1684 ac
682 1621 868 1684 mulieribus
889 1621 1023 1698 ostendi,
1046 1621 1160 1682 deinde
1183 1621 1270 1698 iugu-

260 1727 328 1788 lari.
369 1728 487 1790 Nullus
509 1728 644 1805 denique
669 1734 736 1788 tam
759 1728 900 1788 abiectae
923 1727 1117 1788 condicionis
1141 1733 1269 1805 tamque

260 1839 418 1894 extremae
442 1833 536 1894 sortis
564 1833 639 1909 fuit,
663 1833 752 1893 cuius
780 1852 844 1893 non
871 1833 1042 1894 commodis
1070 1811 1267 1894 obtrectaret.

259 1938 445 2000 Nemorensi
466 1938 542 2016 regi,
557 1939 642 2015 quod
660 1937 777 1999 multos
797 1938 861 1999 iam
879 1956 978 1999 annos
996 1942 1158 2015 poteretur
1172 1957 1269 2000 sacer·
1285 1954 1314 2001 15

259 2043 355 2119 dotio,
370 2043 555 2105 validiorem
570 2043 785 2104 adversarium
802 2041 994 2104 subornavit.
1037 2043 1116 2104 Oum
1132 2044 1269 2120 quodam

260 2149 310 2208 die
338 2149 478 2210 muneris
513 2149 671 2210 essedario
706 2148 809 2225 Porio,
845 2149 886 2210 ob
918 2166 1101 2226 prosperam
1130 2167 1268 2226 pugnam

259 2273 384 2314 servum
407 2273 499 2314 suum
523 2253 770 2329 manumittenti,
798 2253 973 2315 studiosius
1000 2252 1146 2331 plausum
1174 2259 1267 2330 esset,

257 2357 304 2418 ita
330 2358 488 2437 proripuit
514 2378 549 2420 se
582 2359 780 2438 spectaculis,
809 2365 846 2419 ut
874 2358 993 2419 calcata
1027 2357 1144 2418 lacinia
1175 2363 1268 2434 togae

258 2482 407 2542 praeceps
435 2483 490 2541 per
518 2464 632 2542 gradus
661 2464 731 2541 iret,
760 2464 1015 2540 indignabundus
1044 2463 1078 2523 et
1100 2462 1266 2524 clamitans
1283 2481 1313 2527 ao

257 2573 414 2630 dominum
437 2573 571 2647 qratiam
589 2573 738 2646 populum
761 2589 798 2630 aa
821 2589 854 2630 re
878 2573 1031 2630 levissima
1050 2571 1123 2644 plue
1144 2570 1281 2628 horroris¹

255 2677 420 2753 plodiotorl
455 2677 633 2736 tribuentem
660 2695 753 2752 qraora
787 2678 967 2736 consecratis
988 2676 1179 2750 principibus
1212 2683 1267 2734 aut

251 2783 407 2856 praesaa
430 2783 496 2840 aaa
1195 2761 1197 2765 ’

204 3007 242 3061 ³7
294 2991 474 3070 Nepotatus
492 2991 671 3070 sumptibus
690 2991 831 3052 omnium
849 2990 1050 3070 prodigorum
1069 2988 1198 3066 ingenia
1218 3008 1267 3050 su·

256 3097 387 3175 paravit,
410 3103 604 3158 commentus
628 3116 745 3157 novum
772 3097 954 3158 balnearum
982 3113 1090 3171 usum,
1109 3099 1266 3173 portento
1280 3111 1310 3157 ae

256 3202 382 3264 sissima
405 3222 519 3279 genera
538 3203 676 3264 ciborum
699 3209 794 3281 atque
818 3221 974 3277 cenarum,
1000 3207 1037 3261 ut

255 3308 367 3369 calidis
388 3309 576 3386 frigidisque
595 3309 765 3385 unguentis
785 3309 953 3384 lavaretur,
969 3327 1037 3386 pre

255 3413 427 3474 tiosissima
441 3414 610 3490 margarita
624 3420 712 3475 aceto
726 3414 899 3493 liquefacta
910 3415 1056 3492 sorberet,
1069 3415 1210 3476 convivis
1225 3436 1264 3476 ex

255 3537 331 3579 auro
345 3539 442 3596 panes
461 3526 494 3580 et
512 3519 642 3581 obsonia
661 3525 840 3598 apponeret,
857 3530 910 3580 aot
922 3525 1013 3600 srupi
1034 3523 1185 3582 bominem
1201 3540 1263 3582 esse

256 3633 388 3700 oportere
411 3623 562 3686 dictitans
583 3634 637 3686 out
660 3626 829 3687 Gaesarem.
872 3625 955 3697 Quin
979 3634 1012 3687 et
1035 3646 1178 3688 nummos
1200 3646 1263 3687 non
1279 3645 1308 3690 eo

255 3729 420 3792 mediocris
439 3748 579 3792 summae
597 3749 615 3790 e
634 3730 764 3808 fastigio
783 3729 932 3794 basilicae
949 3732 1051 3793 Iuliae
1069 3752 1124 3811 por
1140 3732 1263 3810 aliquot

1062 3267 1221 3328 P10dis²¹¹ty
1289 3315 1294 3329 .
