3106 4378
584 279 696 328 urana
719 279 769 330 vr
820 277 927 330 nnnc.
1196 265 1259 329 137

252 451 321 527 bus,
336 452 543 530 respondente
562 450 709 526 nullo,*in
727 449 904 511 cubiculum
922 448 1027 526 rediit,
1046 450 1130 510 unde
1148 448 1260 510 iamet

254 558 400 617 custodes
421 555 621 633 diffugerant,
644 555 778 634 direptis
800 555 895 616 etiam
920 554 1079 632 stragulis,
1102 559 1207 615 amota
1227 560 1260 614 et

253 662 372 741 pyxide
398 661 528 738 veneui3
561 680 596 722 ac
625 661 733 722 statim
768 660 930 738 Spiculum
962 658 1184 719 mirmillonem
1208 659 1259 718 vel

253 767 425 844 quemlibet
453 766 550 826 alium
578 784 800 845 percussorem,
827 765 914 826 cuius
939 785 1034 826 manu
1061 764 1187 843 periret,
1216 783 1260 824 re-

253 872 373 951 quisiit,
393 878 425 932 et
441 871 567 932 nemine
588 878 721 951 repert0,
741 874 826 949 Erpa
845 891 906 950 eqo,
926 871 1039 949 inquit,
1059 890 1112 952 pec
1128 874 1290 931 amiculas

253 981 346 1039 habeo
366 998 419 1038 aec
438 979 617 1038 ircimiccm?
637 976 864 1055 procurritque,
884 975 975 1054 quasi
996 974 1259 1054 praecipitaturus

200 1088 239 1139 48
254 1102 287 1143 se
313 1083 349 1142 in
375 1083 523 1144 Tiberim.
579 1083 641 1142 Sed
672 1087 817 1142 revocato
844 1101 952 1142 rursus
980 1079 1109 1159 impetu,
1138 1080 1260 1158 aliquid

253 1188 430 1249 secretioris
450 1187 589 1248 latebrae
610 1189 651 1254 ad
671 1186 882 1263 colligendum
899 1186 1038 1246 animum
1056 1185 1258 1262 desideravit,

254 1299 285 1354 et
316 1293 466 1353 offerente
492 1293 637 1353 Phaonte
670 1291 784 1352 liberto
816 1283 1028 1352 suburbanum

218 1445 221 1459 ,
254 1419 345 1459 suum
367 1398 450 1458 inter
470 1398 623 1458 Salariam
642 1403 675 1458 et
692 1399 924 1457 Nomentanam
944 1397 1029 1456 viam
1057 1365 1234 1488 fflffigeht
1275 1413 1305 1458 10

253 1502 336 1564 circa
349 1509 493 1582 quartum
514 1502 693 1577 miliarium,
709 1508 745 1562 ut
765 1509 832 1562 erat
850 1502 936 1561 nudo
949 1503 1028 1579 pede

253 1615 347 1686 atque
368 1608 537 1684 tunicatus,
562 1606 728 1686 paenulam
754 1606 888 1667 obsoleti
910 1606 1021 1668 coloris
1050 1607 1257 1686 superinduit,

253 1716 465 1793 adopertoque
479 1713 582 1792 capite
596 1718 628 1772 et
642 1718 715 1772 ante
729 1712 843 1772 facicm
861 1712 989 1773 obtento
1003 1713 1129 1773 sudario
1144 1732 1258 1789 equum

253 1818 419 1895 inscendit,
449 1824 598 1897 quattuor
630 1818 706 1878 solis
741 1817 974 1892 comitantibus,
1003 1817 1086 1880 inter
1121 1836 1199 1894 quos
1227 1823 1258 1876 et

255 1925 371 2003 Sporus
393 1929 467 1984 erat.
511 1923 687 2000 Statimque
710 1929 845 1982 tremore
872 1927 973 1984 terrae
998 1927 1030 1982 et
1054 1921 1180 1998 fulgure
1208 1923 1327 1986 ad·15'·'

253 2049 343 2090 verso
369 2030 563 2108 pavefactus,
591 2028 693 2089 audiit
720 2047 736 2088 e
767 2027 920 2106 proximis
951 2027 1063 2088 castris
1091 2027 1258 2088 clamorem

253 2135 392 2196 militum
410 2141 442 2194 et
459 2134 521 2194 sibi
540 2134 672 2194 adversa
688 2138 721 2194 et
735 2133 854 2194 Galbae
871 2151 1020 2211 prospera
1040 2133 1257 2209 minantium,

253 2241 349 2300 etiam
367 2259 406 2299 ex
426 2239 527 2299 obviis
546 2238 719 2299 viatoribus
738 2239 895 2315 quendam
909 2237 1082 2298 dicentem:
1105 2239 1152 2297 Hi
1165 2240 1259 2298 Nero

253 2366 321 2405 aem
338 2353 570 2422 persequuntur,
594 2343 691 2404 alium
716 2343 945 2403 sciscitantem:
978 2345 1099 2418 Ecquid
1126 2346 1160 2402 ia
1187 2346 1259 2402 urbe

254 2454 324 2512 uoci
338 2454 374 2510 dc
388 2452 529 2510 Nereae?
569 2450 660 2526 Equo
681 2454 785 2509 autem
804 2449 898 2508 odore
918 2447 1032 2508 abiecti
1051 2448 1085 2507 in
1101 2447 1155 2507 via
1171 2449 1258 2508 cada
1274 2463 1304 2508 ao

254 2556 337 2616 veris
365 2560 572 2630 consternato,
600 2554 725 2614 detecta
752 2553 833 2614 facie
857 2553 983 2629 agnitus
1008 2558 1057 2614 est
1081 2554 1258 2630 aquodam

254 2660 392 2722 missicio
414 2659 612 2738 praetoriano
634 2665 666 2720 et
691 2659 854 2720 salutatus.
877 2661 946 2720 oUt
968 2659 1008 2719 ad
1030 2656 1259 2718 deverticulum

254 2771 383 2826 ventum
402 2771 459 2832 est.
478 2764 617 2824 dimissis
637 2764 737 2842 equis,
754 2764 837 2824 inter
856 2763 1007 2824 fruticeta
1024 2783 1059 2824 ac
1073 2782 1184 2842 vepres
1203 2781 1259 2841 per

255 2870 434 2932 arundineti
462 2870 607 2931 semitam
631 2887 722 2945 aegre
746 2888 804 2930 nec
829 2869 891 2930 nisi
916 2875 1016 2930 strata
1040 2869 1098 2935 sub
1126 2868 1258 2947 pedibus

254 2983 342 3036 veste
363 2977 404 3036 ad
426 2995 571 3036 aversum
592 2974 688 3035 villae
710 2975 862 3056 parietem
884 2975 995 3034 evasit.
1040 2973 1093 3034 Ibi
1114 2974 1304 3042 hortantem
1415 3049 1416 3054 η

255 3083 364 3142 eodem
385 3081 539 3157 Phaonte,
561 3086 597 3140 ut
619 3080 747 3140 interim
769 3079 804 3139 in
827 3098 954 3158 specum
979 3079 1103 3156 egestae
1125 3079 1259 3140 harenae

255 3188 447 3262 concederet,
458 3185 586 3262 negavit
599 3205 630 3245 se
644 3184 746 3245 cibum
761 3189 814 3244 cub
829 3194 941 3246 terram
953 3189 1076 3260 iturum,
1089 3203 1124 3244 ac
1138 3203 1259 3262 parum·

256 3310 311 3369 per
333 3296 550 3366 commoratus,
574 3291 649 3350 dum
672 3289 887 3351 clandestinus
912 3290 953 3350 ad
975 3290 1085 3349 villam
1110 3289 1259 3350 introitus

256 3401 428 3474 pararetur,
443 3415 556 3474 aquam
571 3414 610 3457 ex
625 3396 766 3457 s'ubieota
775 3396 888 3456 lacuna
901 3401 1031 3474 poturus
1046 3414 1140 3454 manu
1153 3395 1260 3456 hausit

256 3507 288 3562 et
302 3504 389 3562 Haec
402 3511 453 3578 eet,
464 3502 578 3580 inquit,
591 3505 723 3562 Neronis
733 3504 873 3562 decocw
889 3501 972 3576 dein,
984 3500 1107 3561 divolsa
1119 3498 1260 3560 sontibus
1276 3515 1306 3562 ³0

256 3607 400 3686 paenula,
422 3608 570 3671 traiectos
595 3607 736 3669 surculos
759 3607 845 3668 rasit.
894 3607 1001 3684 Atque
1024 3607 1070 3666 ita
1091 3605 1259 3684 quadripes

256 3732 313 3791 per
336 3711 498 3789 angustias
524 3713 656 3774 effossae
683 3731 835 3773 cavernae
860 3718 1002 3790 receptus
1027 3711 1062 3770 in
1086 3709 1261 3789 proximam
