3078 4380
293 293 334 357 32
368 304 399 355 c.
425 305 581 356 sunrour
603 287 832 368 rnnncuruui
855 306 905 354 nn
925 305 1016 355 vrrn
1040 305 1242 356 cansarum

372 479 444 539 Nou
457 496 489 537 ec
502 496 609 554 eques;
631 497 725 554 quare
739 480 754 537 l
793 479 865 537 Nou
879 486 948 538 sam
961 480 1017 538 tibi
1030 481 1117 538 milia
1130 487 1266 539 mutum:

416 583 528 644 Omnia
541 586 569 641 si
582 602 720 658 quaeras,
736 592 763 642 et
776 584 904 644 Rhodus
918 585 1058 643 rusilium
1072 592 1122 644 eu.

372 738 479 799 Aurea
492 742 617 798 mutuati
630 738 762 799 Salumi
775 741 904 814 saecula,
923 738 1037 800 Caesar
1045 758 1056 798 :

413 846 563 904 Incolumi
576 864 649 904 uum
662 852 690 903 le
703 848 810 920 ferrea
823 863 938 920 semper
951 852 1046 905 emur.

372 1002 505 1060 Fastidit
519 1004 633 1074 uicum,
649 1003 724 1076 quic
737 1004 879 1071 inmaidi
893 1004 947 1060 isle
962 1020 1117 1061 cruorem:

418 1108 494 1166 Tum
509 1108 581 1166 oiou
595 1108 673 1166 tuuc
686 1109 783 1181 avide,
799 1124 891 1180 quum
905 1108 978 1166 bibli
992 1114 1198 1168 caramerum

374 1261 484 1338 Aspice
497 1263 625 1322 Felicem
642 1261 722 1340 (sibi,
736 1282 797 1350 nou
812 1265 890 1343 tior),
906 1265 1043 1338 Romule,
1059 1265 1189 1341 Sullam,

413 1369 457 1426 Er
470 1367 618 1441 Marium,
633 1370 660 1426 si
673 1370 728 1441 oie,
744 1371 852 1442 aspice,
867 1370 919 1425 sed
933 1369 1077 1441 reducem,

374 1473 437 1531 Nec
450 1491 512 1531 mou
526 1471 644 1531 Auloni
657 1475 760 1531 ciuilio
774 1473 850 1531 bellu
864 1475 1009 1531 mouentis

249 1593 278 1638 lo
413 1579 485 1637 Nou
499 1579 587 1636 semel
602 1580 727 1654 insectus
741 1581 840 1652 aspice
855 1579 943 1636 ccede
957 1595 1077 1651 mnus,

374 1683 418 1742 El
431 1685 498 1741 dic:
519 1685 619 1742 Roma
628 1685 718 1758 perit,
734 1685 868 1759 repuuoil
885 1685 1032 1758 campiliae
1046 1683 1148 1758 mullo,

413 1787 466 1846 Ad
479 1807 603 1864 repuum
617 1790 752 1863 quisquis
766 1790 846 1846 uenit
860 1789 897 1846 ab
912 1789 1024 1858 eceilio.

294 1953 378 2024 Quae
397 1952 508 2030 primo,
523 1953 614 2030 quasi
633 1953 672 2013 ab
693 1951 934 2031 impatientibus
954 1951 1163 2012 remediorum
1182 1971 1218 2014 ac
1235 1972 1299 2015 non

285 2063 358 2117 'tam
380 2076 419 2116 ex
437 2057 536 2118 animi
556 2057 714 2118 sententia
733 2076 826 2134 quam
845 2056 909 2117 bile
923 2062 955 2116 et
970 2057 1130 2118 stomacho
1149 2057 1299 2134 fingeren-

250 2177 278 2222 1c
293 2168 354 2237 tur,
376 2162 500 2223 volebat
522 2163 630 2240 accipi,
652 2162 837 2239 dicebatque
861 2161 1051 2222 identidem:
1076 2163 1210 2239 Oderint,
1225 2166 1298 2222 dum
1332 2215 1337 2228 ,

289 2269 436 2344 probent!
476 2267 558 2327 Dein
578 2286 652 2328 vera
666 2267 758 2346 plane
772 2273 918 2344 certaque
934 2286 1002 2328 esse
1021 2267 1088 2345 ipse
1102 2267 1179 2327 fecit
1194 2267 1296 2328 fidem.

334 2376 374 2434 In
394 2375 503 2452 paucis
525 2375 636 2436 diebus
659 2395 753 2453 quam
774 2376 909 2453 Capreas
932 2374 1039 2451 attigit
1061 2374 1299 2453 piscatori‚·qui
1312 2379 1351 2430 60

294 2480 354 2541 sibi
373 2485 527 2540 secretum
546 2481 653 2557 agenti
675 2481 824 2557 grandem
842 2479 975 2540 mullum
993 2479 1195 2558 inopinanter
1213 2481 1299 2541 obtu-

520 2587 609 2661 lerat,
631 2586 795 2664 perfricari
819 2586 928 2645 eodem
950 2585 1036 2664 pisce
1058 2585 1169 2646 faciem
1193 2586 1296 2662 iussit,

247 2706 277 2750 no
292 2670 437 2805 ἓξὲξ*
519 2691 658 2765 territus,
673 2691 757 2768 quod
778 2691 806 2751 is
827 2710 847 2751 a
866 2697 955 2767 tergo
973 2689 1095 2751 insulae
1113 2710 1168 2769 per
1186 2709 1297 2768 aspera

519 2802 552 2856 et
569 2796 662 2856 devia
682 2796 850 2874 erepsisset
871 2796 912 2856 ad
932 2814 980 2870 se;
1004 2795 1177 2871 gratulanti
1191 2802 1297 2856 autern

291 2903 376 2964 inter
393 2920 535 2981 poenam,
550 2900 635 2979 quod
654 2921 716 2960 non
732 2906 763 2961 et
777 2901 940 2977 locustam,
956 2919 1050 2978 quam
1072 2902 1296 2979 praegrandem

292 3013 425 3086 ceperat,
441 3006 616 3081 obtulisset,
631 2988 753 3067 locusta
776 3025 900 3085 quoque
922 3007 1053 3066 lacerari
1068 3026 1102 3066 os
1118 3006 1294 3084 imperavit.

291 3113 429 3172 Militem
443 3112 675 3191 praetorianum
687 3112 727 3172 ob
741 3112 924 3190 subreptum
938 3112 1129 3172 eviridiario
1143 3131 1296 3190 pavonem

245 3237 274 3283 25
291 3219 393 3296 capite
415 3218 527 3296 puniit.
570 3219 610 3277 In
625 3218 760 3295 quodam
775 3219 888 3278 itinere
902 3218 1023 3295 lectica,
1039 3238 1101 3296 qna
1115 3217 1294 3293 vehebatur,

290 3323 438 3401 vepribus
460 3323 623 3401 impedita,
645 3324 873 3401 exploratorem
895 3325 974 3400 v'iae,
997 3325 1170 3403 primarum
1192 3323 1297 3382 cohor·

290 3429 371 3489 tium
388 3430 611 3505 centurionem,
627 3435 759 3490 stratum
779 3430 868 3490 humi
889 3449 986 3509 paene
1005 3432 1045 3491 ad
1063 3449 1171 3490 necem
1192 3429 1296 3489 verbe·

290 3535 382 3595 ravit.
424 3535 503 3594 Mox
517 3535 551 3593 in
565 3553 656 3594 omne
672 3554 768 3611 genus
783 3536 980 3596 crudelitatis
995 3536 1109 3614 erupit,
1124 3553 1295 3612 numquam
1310 3533 1347 3584 61

290 3640 454 3700 deficiente
473 3640 613 3714 materia,
628 3659 699 3700 cum
714 3639 816 3718 primo
829 3621 954 3716 matris,
966 3642 1079 3701 deinde
1094 3646 1244 3718 nepotum
1264 3645 1296 3699 et

244 3761 274 3807 eo
290 3765 397 3821 nurus,
411 3751 570 3824 postremo
590 3744 695 3804 Seiani
710 3744 884 3806 familiares
901 3751 996 3824 atque
1011 3744 1106 3807 etiam
1125 3751 1217 3806 notos
1231 3764 1297 3823 per·
1406 3815 1407 3818 Ἴ
