3106 4378
483 293 595 342 acuas
617 293 651 342 v.
707 293 819 343 arvus
843 293 1037 344 CLAltolus.
1224 270 1265 344 to

260 464 415 526 Omtseatit
436 473 537 524 autem
554 474 675 541 uterque
689 475 834 539 uestrum,
850 467 940 525 semel
956 468 1043 524 uobis
1058 485 1119 524 esse
1138 474 1266 524 statueri-

257 574 338 647 dum,
354 574 434 647 quod
449 575 609 631 consilium
624 576 657 630 iu
676 575 726 631 illo
742 591 913 647 sequamur.
958 575 1042 631 Nam
1056 577 1084 630 si
1100 581 1142 630 est
1157 576 1264 646 artius,

259 676 305 755 (ut
339 681 384 736 ita
416 681 529 756 dicam)
567 679 736 752 bolocleros,
772 681 847 752 quid
881 686 924 736 est
958 680 1039 760 quod
1064 737 1186 784 mam
1202 735 1266 782 from

256 785 432 858 dubitemus,
445 787 520 858 quia
528 801 587 858 per
600 786 717 841 eosdem
731 785 875 842 articulos
889 791 916 842 et
925 785 1039 860 pradus
1064 806 1157 851 letters
1165 802 1192 850 of
1199 803 1251 851 Au.

252 891 464 963 produceudus
479 893 526 962 sit,
537 907 595 963 per
605 907 679 963 quos
686 891 789 962 frater
800 891 864 946 eius
873 891 1040 963 productus
1065 880 1160 938 Eum·
1170 880 1250 926 tm*
1282 906 1297 951 5

256 995 316 1052 Sil?
370 994 431 1054 Sia
461 1002 562 1052 autera
590 993 771 1070 ἡλαττῶσθαι
799 996 946 1052 scutimus
972 1013 1040 1052 eum
1065 952 1266 1033 mg⁰fc¹⁸¹¹d¹¹¹⁵
1358 980 1360 984 ’
1395 980 1397 985 ’

256 1108 283 1157 ei
305 1085 477 1176 βεβλάφθιιι
501 1101 545 1159 καὶ
568 1103 604 1162 εἰς
625 1101 677 1176 τὴν
697 1103 747 1158 τοῦ
767 1099 898 1175 σώματος
920 1100 964 1158 καὶ
983 1103 1020 1162 εἷς
1039 1100 1090 1175 τὴν
1108 1100 1158 1172 τῆς
1177 1099 1267 1175 ψυχῆς

256 1205 418 1283 ἀρτιότητα,
434 1206 613 1280 praebenda
633 1207 762 1263 materia
781 1207 940 1263 deridendi
954 1212 981 1262 et
996 1204 1080 1262 illum
1095 1211 1190 1261 circos
1205 1219 1266 1258 aaa

257 1320 299 1369 est
319 1312 490 1369 homiuibus
514 1314 549 1371 τὰ
572 1315 685 1369 τοιαῦτα
707 1311 847 1371 σκώπτειν
869 1311 913 1369 καὶ
934 1310 1111 1387 μυκτηρίζειν
1131 1307 1265 1368 εἰωθόσιν.

256 1418 341 1476 Nam
355 1435 471 1490 semper
486 1417 699 1489 aestuabimus,
716 1419 744 1473 si
758 1418 794 1474 cle
809 1417 942 1492 dapalis
950 1415 1087 1474 articulis
1101 1422 1267 1488 temporum
1283 1421 1312 1467 10

257 1524 497 1595 deliberabimus,
514 1523 553 1598 μὴ
567 1521 804 1599 τροῦτοκειμένου
822 1523 888 1597 ἡμῖν
900 1539 989 1595 posse
1004 1521 1186 1578 arbitremur
1200 1536 1267 1576 eum

256 1646 355 1704 perere
371 1629 505 1701 bonores,
519 1645 615 1685 aecae.
653 1629 692 1684 Iu
701 1629 877 1701 praeseutia
892 1634 992 1684 tamea
1007 1626 1116 1700 quibus
1129 1626 1165 1681 de
1180 1624 1268 1682 rebus

257 1734 396 1808 coasulis,
414 1752 520 1791 curare
540 1752 608 1790 eam
628 1733 708 1790 ludis
729 1733 926 1790 Martialibus
948 1733 1114 1789 triclinium
1134 1731 1268 1787 sacerdo

257 1847 321 1899 tum
341 1858 402 1898 uoa
424 1841 558 1914 displicet
579 1839 674 1911 uobis,
692 1840 722 1923 si
739 1846 781 1896 est
795 1856 947 1911 passurus
966 1855 996 1895 se
1018 1837 1056 1894 ab
1080 1835 1184 1894 Silani
1197 1835 1267 1910 filio

257 1945 377 2004 bomine
391 1946 449 2002 sibi
463 1946 550 2020 afflui
567 1946 735 2017 admoueri,
751 1961 788 2001 ue
802 1945 876 2017 quid
887 1945 989 2018 faciat
1002 1944 1082 2016 quod
1097 1942 1269 2014 conspiciet
1285 1951 1313 1997 15

258 2052 389 2110 derideri
404 2052 510 2124 possit.
555 2049 699 2123 Spectare
719 2067 787 2106 eum
805 2051 950 2106 circenses
970 2066 1006 2106 erc
1021 2048 1268 2121 pulvinarium

252 2157 353 2230 placet
366 2157 452 2214 uobis
458 2173 471 2228 ,·
493 2157 644 2230 eapositus
658 2157 739 2212 euim
754 2157 787 2211 lu
794 2156 898 2229 froute
907 2156 1014 2230 prima
1024 2153 1267 2226 spectaculorum,

233 2263 460 2336 conspicietur.
515 2263 555 2318 Ia
577 2258 733 2318 Albanum
758 2267 888 2317 montem
914 2261 958 2316 ire
982 2277 1060 2331 eum,
1085 2275 1147 2315 uoa
1169 2258 1267 2330 placet

257 2368 353 2440 uobis,
368 2373 422 2424 aut
440 2384 502 2424 csse
523 2366 640 2424 Romae
663 2365 849 2423 Latiaarum
871 2366 983 2422 diebus.
1030 2361 1093 2423 Gur
1109 2365 1189 2420 euim
1206 2380 1267 2419 uou

253 2473 430 2548 praeficitur
444 2472 522 2545 urbi,
538 2474 566 2528 si
581 2478 679 2545 potest
699 2473 784 2544 sequi
799 2465 932 2545 fratrem
953 2488 1043 2527 suum
1064 2471 1097 2526 ia
1118 2469 1269 2526 moutam?
1284 2481 1314 2527 ιιι)

258 2577 363 2636 Habes
382 2585 512 2649 nostras,
533 2595 601 2634 mea
619 2577 721 2649 Liuia,
741 2579 912 2648 seutentias,
935 2576 1044 2648 quibus
1059 2575 1160 2648 placet
1181 2574 1268 2631 semel

258 2685 294 2741 de
308 2691 370 2742 tota
383 2701 415 2740 re
430 2684 548 2756 aliquid
569 2684 718 2755 coustitui,
733 2699 770 2738 ue
790 2699 906 2755 semper
925 2683 1004 2739 iuter
1021 2697 1103 2754 spem
1117 2687 1144 2737 et
1156 2686 1268 2736 metum
1314 2655 1325 2732 J

250 2792 442 2864 fluctuamur.
485 2789 601 2846 Licebit
622 2795 732 2861 autem,
753 2789 781 2844 si
797 2787 884 2859 coles,
900 2785 1055 2844 Autouiae
1074 2802 1189 2859 quoque
1203 2801 1269 2842 uos·

258 2902 322 2952 trae
344 2896 395 2952 des
418 2895 495 2951 baac
514 2901 635 2967 partem
660 2893 802 2966 epistulae
825 2893 917 2950 buius
939 2893 1102 2968 lepeadam.
1145 2889 1267 2947 Rursus

258 2997 365 3058 alteris
380 2997 515 3057 litteris:
913 2986 917 2994 ’
1285 3016 1314 3061 25
1413 3047 1415 3050 .

302 3106 457 3163 Tiberium
480 3106 696 3162 adulescentem
717 3122 769 3180 eqo
790 3122 869 3176 cero,
890 3105 963 3161 dum
984 3111 1016 3160 tu
1035 3104 1143 3175 aberis,
1163 3102 1269 3159 cotidie

258 3212 392 3268 inuitabo
420 3212 462 3269 ad
490 3228 603 3283 ceuam,
630 3229 667 3268 ue
695 3211 776 3267 solus
806 3217 885 3268 ceuet
909 3228 976 3267 cum
1002 3227 1056 3266 suo
1081 3207 1217 3281 Sulpicio
1242 3213 1269 3264 et

257 3315 458 3374 Athenodoro.
521 3315 582 3389 Qui
609 3316 711 3374 uellem
740 3317 914 3392 dilipeatius
940 3323 968 3372 et
995 3318 1099 3372 miuus
1125 3313 1268 3390 μετεώρως

258 3422 396 3498 deiiceret
416 3423 475 3480 sibi
495 3424 636 3496 aliquem,
653 3425 740 3479 cuius
754 3429 868 3479 motam
883 3429 910 3478 et
924 3421 1059 3478 babitum
1077 3428 1104 3478 et
1121 3421 1269 3477 incessum

258 3531 437 3588 imitaretur.
492 3527 632 3585 Misellus
656 3530 760 3605 ἀτυχεῖ·
790 3544 863 3584 nam
888 3527 918 3586 ἐν
941 3530 999 3588 τοῖς
1027 3523 1195 3598 σπουδαίας,
1217 3524 1315 3581 obiso

257 3653 319 3693 uoa
340 3635 492 3693 aberrauit
510 3635 574 3690 eiu-s
592 3635 724 3706 aaimus,
742 3634 817 3690 satis
834 3637 962 3706 apparet
978 3632 996 3707 ἡ
1011 3633 1061 3706 τῆς
1079 3632 1169 3708 ψυχῆς
1185 3630 1269 3688 αὐτοῦ

260 3740 386 3820 εὐγένεια.
431 3738 515 3798 Item
528 3735 634 3796 tertiis
648 3734 783 3796 litteris:
961 3723 964 3728 ¹
