3078 4380
273 223 275 227 ⁸
296 259 316 324 8
371 269 401 322 c.
427 266 583 320 suenoni
605 265 833 330 irancuum
855 267 906 318 on
925 267 1017 318 vrrs
1040 267 1242 320 exsensum

294 441 406 522 paniae
433 439 552 517 legens,
576 438 795 501 imbecillitate
821 439 960 517 Augusti
987 439 1143 518 nuntiata,
1168 442 1297 520 paulum

295 546 447 610 substitit
490 546 553 608 Sed
577 543 826 606 increbrescente
850 565 974 606 rumore
995 547 1085 624 quasi
1106 547 1147 608 ad
1167 548 1298 609 occasio

294 673 367 715 nem
393 651 520 714 maioris
549 650 617 730 spei
643 657 895 726 commoraretur,
918 657 1044 712 tantum
1067 671 1131 712 non
1155 653 1297 714 adversis

293 757 535 838 tempestatibus
563 756 712 817 Rhodum
734 756 925 832 enavigavit,
948 757 1139 818 amoenitate
1161 763 1194 818 et
1218 757 1298 820 salu-

263 865 409 927 ebritate
427 862 549 925 insulae
567 861 631 923 iam
651 861 725 922 inde
743 867 854 940 captus
868 880 939 922 cnm
953 861 1076 923 adeam
1092 863 1131 924 ab
1145 863 1298 925 Armenia

294 970 418 1032 rediens
440 967 622 1047 appulisset.
665 966 730 1027 Hic
750 959 883 1028 modicis
902 973 1070 1028 contentus
1091 968 1221 1029 aedibus
1240 989 1298 1030 nec

293 1074 395 1135 multo
421 1073 541 1134 laxiore
566 1072 755 1148 suburbano,
777 1092 875 1150 genus
900 1073 986 1133 vitae
1010 1073 1104 1133 civile
1129 1075 1297 1135 admodum

293 1179 445 1255 instituit,
474 1178 542 1240 sine
570 1178 680 1238 lictore
709 1183 764 1238 aut
792 1178 912 1238 viatore
944 1178 1108 1257 gymnasio
1139 1179 1298 1240 interdum

293 1284 508 1360 obambulans,
532 1289 705 1362 mutuaque
732 1301 803 1343 curn
828 1283 992 1344 Graeculis
1015 1283 1116 1345 officia
1141 1303 1297 1367 usurpans

248 1402 277 1449 ιο
293 1409 390 1470 prope
411 1409 451 1450 ex
471 1408 578 1467 aequo.

333 1498 427 1556 Forte
448 1494 606 1574 quondam
626 1494 660 1554 in
681 1493 876 1571 disponendo
899 1492 951 1554 die
974 1512 1065 1554 manc
1088 1496 1297 1574 praedixerat,

518 1597 675 1677 quidquid
693 1616 857 1675 aegrorum
876 1598 910 1658 in
927 1598 1057 1659 civitate
1071 1606 1154 1661 esset
1168 1601 1298 1662 visitare

518 1723 552 1764 se
579 1703 678 1781 vellc;
712 1703 746 1763 id
774 1722 793 1764 a
820 1703 973 1782 proximis
1001 1705 1094 1766 aliter
1122 1712 1297 1785 exceptum,

293 1810 434 1889 iussique
456 1814 531 1870 sunt
549 1828 656 1870 ornnes
676 1809 761 1885 aegri
780 1809 814 1868 in
833 1809 991 1890 publicam
1008 1809 1163 1889 porticum
1180 1813 1298 1873 deferri

249 1937 278 1982 15
293 1935 330 1976 ae
343 1935 399 1993 per
409 1914 628 2006 valetudinum
638 1933 752 1991 genera
765 1914 899 1992 disponi.
937 1916 1105 1977 Perculsus
1116 1935 1190 1994 crgo
1200 1917 1298 1997 inopi-

293 2026 416 2081 natare
431 2018 547 2098 diuque
562 2020 640 2098 quid
654 2025 760 2096 ageret
777 2019 924 2096 incertus,
939 2021 1067 2081 tandem
1085 2023 1225 2098 singulos
1242 2024 1298 2083 cir-

294 2125 368 2202 cuit,
383 2144 536 2186 excusans
550 2125 672 2186 iactum
686 2124 783 2185 etiam
797 2125 983 2186 tenuissimo
1001 2126 1113 2204 cuique
1130 2134 1162 2188 et
1180 2128 1295 2204 ignoto.

295 2234 403 2293 Unum
423 2231 482 2291 hoo
500 2231 593 2290 modo
608 2249 710 2309 neque
723 2237 885 2309 praetcrea
899 2231 1066 2311 quicquam
1081 2239 1225 2293 notatum
1239 2239 1297 2311 est,

294 2337 328 2397 in
342 2357 404 2416 quo
415 2335 590 2397 exseruisse
601 2336 651 2396 ius
661 2336 850 2397 tribuniciae
864 2337 1030 2415 potestatis
1042 2337 1130 2398 visus
1145 2339 1203 2399 sit:
1226 2358 1297 2399 eum

249 2459 279 2506 ao
294 2442 378 2504 circa
404 2441 526 2504 scholas
551 2447 583 2502 ct
606 2441 764 2502 auditoria
790 2443 1003 2520 professorum
1031 2443 1176 2504 assiduus
1204 2450 1296 2521 esset,

293 2553 379 2608 moto
397 2547 481 2608 inter
501 2547 730 2625 antisophistas
750 2547 891 2623 graviore
910 2548 1021 2625 iurgio,
1039 2567 1102 2608 non
1120 2549 1224 2609 defuit
1242 2551 1297 2628 qui

294 2672 366 2714 cunr
379 2651 641 2714 intervenientem
657 2658 689 2712 et
704 2653 795 2730 quasi
809 2653 1030 2713 studiosiorem
1049 2654 1150 2732 partis
1166 2654 1296 2717 alterius

293 2758 434 2820 convicio
461 2758 638 2819 incesseret.
689 2757 813 2818 Sensim
838 2758 946 2837 itaque
973 2778 1132 2836 regressus
1160 2761 1296 2836 domum,

293 2870 422 2942 repente
440 2882 511 2924 cum
530 2863 762 2942 apparitoribus
781 2863 900 2941 prodiit
918 2863 1111 2943 citatumque
1128 2884 1185 2944 pro
1201 2865 1298 2925 tribu-

248 2987 278 3032 ae
293 2968 358 3029 nali
372 2987 447 3030 voce
461 2967 624 3048 praeconis
638 2969 878 3029 conviciatorem
893 2969 961 3047 rapi
976 2969 1069 3031 iussit
1082 2970 1116 3030 in
1133 2989 1295 3031 carcerem.

334 3073 494 3153 Comperit
508 3073 621 3134 deinde
632 3073 747 3134 Iuliam
759 3093 887 3134 uxorem
899 3075 938 3135 ob
948 3074 1096 3135 libidines
1108 3081 1203 3154 atque
1213 3076 1298 3136 adul-

293 1668 349 1717 Life
359 1670 386 1716 ln
392 1669 493 1716 Rhodo!

519 3179 598 3240 teria
613 3179 802 3256 damnatam,
817 3180 1044 3258 repudiumque
1059 3181 1088 3239 ei
1104 3199 1160 3241 suo
1171 3181 1297 3242 nomine

293 3263 398 3393 mm
406 3262 472 3312 Μ
519 3304 558 3345 ex
578 3286 765 3347 auctoritate
782 3287 919 3363 Augusti
939 3286 1118 3362 remissum3
1141 3292 1173 3348 ct
1192 3305 1298 3364 quam·

520 3408 611 3468 quam
646 3390 747 3453 laetus
778 3393 898 3468 nuntio,
925 3398 1032 3452 tamen
1066 3391 1160 3452 officii
1194 3393 1297 3468 duxit,

249 3500 448 3573 acquantum
469 3496 503 3556 in
522 3517 555 3558 se
569 3505 662 3574 esset,
682 3518 809 3560 exorare
828 3500 913 3560 filiae
934 3506 1055 3578 patrem
1076 3499 1297 3578 frequentibus

294 3599 411 3662 litteris
425 3607 458 3662 ct
471 3602 521 3663 vel
537 3609 705 3683 utcumque
724 3606 862 3682 meritae,
879 3606 1033 3684 quidquid
1048 3625 1196 3684 umquam
1216 3606 1298 3666 dono

294 3706 443 3784 dedisset,
457 3708 634 3770 concedere
677 3711 848 3772 Transacto
866 3717 972 3772 autem
989 3711 1179 3772 tribuniciae
1198 3716 1299 3790 potes
