3078 4380
279 297 320 362 26
355 309 386 362 c.
411 309 567 361 sunrom
589 307 815 372 1111111111
837 309 887 358 nn
912 309 1002 360 vrrs
1026 287 1228 361 cassanum

278 489 326 542 est
347 482 460 556 facere,
476 500 544 541 cum
561 499 617 559 per
634 486 762 541 senatus
782 480 960 542 consultum
979 481 1144 557 sanxisset,
1159 489 1195 541 ut
1218 483 1281 542 fae-

278 591 437 646 neratores
465 587 544 645 duas
576 586 759 663 patrimonii
791 590 897 662 partas
931 585 964 644 in
995 585 1061 646 solo
1085 586 1282 662 collocarent,

278 691 435 751 debitores
457 690 588 750 totidem
614 690 694 750 aeris
718 690 815 750 alieni
840 689 947 749 statim
970 689 1136 765 solverent,
1155 709 1212 751 nec
1232 711 1282 752 res

278 796 496 874 expediretur3
519 794 652 854 alterum
668 795 708 853 ad
725 793 931 869 mitigandam
948 799 1124 872 temporum
1141 797 1283 858 atrocita-

246 919 262 964 c
278 908 350 962 tem.
393 901 483 971 Quod
500 907 606 959 tamen
626 880 816 958 beneficium
830 899 913 958 tanti
934 899 1123 975 aestimavit,
1143 908 1179 960 ut
1200 920 1284 961 mon·

278 1014 342 1066 tem
352 1006 493 1067 Caelium
502 1003 713 1082 appellatione
723 1004 1281 1080 mutatavocariAugustumiusserit.

278 1112 377 1172 Militi
390 1117 463 1188 post
477 1109 639 1187 duplicata
653 1128 692 1168 cx
712 1109 850 1184 Augusti
870 1115 1058 1170 testamento
1080 1110 1183 1186 legata
1201 1110 1283 1170 1111111
1384 1139 1386 1142 ·

279 1235 426 1294 umquam
440 1215 574 1291 largitus
592 1221 649 1288 est,
669 1219 888 1292 praeterquam
907 1213 1031 1289 singula
1053 1215 1143 1275 milia
1164 1216 1284 1276 denari-

279 1341 366 1382 orum
378 1320 594 1399 praetorianis
607 1320 690 1396 quod
706 1319 818 1379 Seiano
830 1339 862 1380 sc
872 1339 932 1379 non
945 1321 1239 1396 accommodassent,
1251 1326 1283 1381 et

234 1439 262 1485 10
279 1427 432 1504 quaedam
446 1444 575 1485 munera
596 1426 734 1504 Syriacis
756 1425 941 1500 legionibus,
957 1426 1040 1503 quod
1060 1426 1144 1486 solae
1163 1426 1282 1486 nullam

280 1533 385 1593 Seiani
409 1532 575 1607 imaginem
606 1531 688 1590 inter
716 1530 807 1606 signa
835 1531 1012 1591 coluissent.
1054 1532 1160 1609 Atque
1188 1531 1282 1592 ctiam

279 1637 442 1698 missiones
457 1641 675 1696 veteranorum
690 1635 868 1696 rarissimas
882 1635 968 1711 fecit,
984 1655 1023 1696 cx
1038 1636 1126 1696 senio
1143 1643 1282 1711 mortem,

279 1763 317 1804 ex
338 1748 437 1802 morta
458 1742 676 1819 compendium
697 1747 836 1819 captans.
886 1742 917 1800 N
920 1761 936 1800 e
957 1741 1134 1819 provincias
1156 1741 1282 1820 quidem

278 1834 468 1908 liberalitate
488 1846 555 1906 ulla
575 1846 761 1921 sublevavit,
777 1852 908 1923 excepta
922 1846 1009 1922 Asia,
1025 1846 1165 1907 disiectis
1182 1854 1283 1908 terrae

234 1967 262 2010 15
279 1958 365 2012 motu
379 1951 572 2012 civitatibus.

277 2076 298 2096 κ
317 2058 511 2117 Procedente
536 2075 608 2116 mox
631 2061 771 2134 tempore
796 2056 891 2116 etiam
916 2056 956 2116 ad
981 2056 1107 2134 rapinas
1128 2058 1283 2116 convertit
1296 2067 1335 2116 49

504 2160 652 2220 animum.
706 2161 762 2220 Sat
781 2167 913 2235 constat,
933 2162 989 2222 On.
1006 2161 1175 2221 Lentulum
1191 2180 1284 2238 augu-

278 2230 357 2279 ΘΜ
504 2285 579 2340 rem,
605 2266 655 2326 cui
679 2284 790 2326 census
818 2266 974 2326 maximus
1002 2267 1110 2340 fuerit,
1138 2274 1224 2327 metu
1251 2273 1284 2328 ct

279 2389 392 2446 angore
411 2372 452 2430 ad
470 2371 635 2431 fastidium
656 2371 739 2430 vitae
759 2371 798 2430 ab
817 2390 853 2430 eo
872 2377 975 2430 actum
996 2378 1028 2432 et
1042 2376 1078 2430 ut
1091 2391 1131 2430 nc
1145 2391 1206 2448 quo
1221 2373 1283 2432 nisi

233 2493 263 2538 ao
279 2476 347 2553 ipso
363 2476 478 2535 herede
494 2482 681 2550 moreretur;
703 2476 941 2535 condemnatam
962 2483 1002 2536 et·
1012 2477 1283 2552 generosissimam

224 2562 229 2572 ’
279 2580 429 2640 feminam
449 2581 610 2658 Lepidam,
626 2581 660 2639 in
680 2581 813 2657 gratiam
832 2580 956 2650 Quirini
975 2580 1146 2640 consularis
1164 2583 1284 2659 praedi-

279 2685 354 2745 vitis
369 2690 401 2744 et
415 2687 490 2759 orbi,
507 2686 562 2763 qui
580 2686 742 2745 dimissam
761 2705 831 2746 eam
845 2705 862 2746 1
876 2685 1076 2745 matrimonio
1096 2693 1169 2764 post
1183 2686 1284 2747 vicen-

279 2791 393 2850 simum
418 2809 534 2849 annum
560 2791 671 2848 veneni
697 2791 773 2850 olim
800 2791 833 2849 in
859 2810 892 2851 se
917 2791 1090 2869 comparati
1116 2788 1281 2868 arguebat3

278 2901 439 2973 praeterea
458 2895 632 2954 Galliarum
653 2902 685 2956 et
705 2897 932 2975 Hispaniarum
954 2897 1124 2976 Syriaeque
1144 2903 1175 2956 et
1190 2897 1283 2958 Grae-

233 3000 343 3061 acciae
362 3000 520 3078 principes
542 3001 726 3062 confiscatos
748 3002 870 3062 ohtam
892 3003 961 3062 leve
983 3021 1018 3062 ac
1039 3008 1104 3063 tam
1126 3003 1282 3080 inpudens

278 3106 504 3167 calumniarum
518 3126 626 3184 genus,
638 3114 673 3168 ut
688 3110 874 3186 quibusdam
886 3128 950 3168 non
960 3108 1048 3168 aliud
1061 3109 1103 3169 sit
1117 3109 1281 3183 obiectum,

278 3230 370 3289 quam
393 3213 476 3287 quod
498 3218 619 3290 partem
641 3215 686 3272 rei
712 3214 880 3274 familiaris
901 3214 935 3273 in
956 3214 1089 3292 pecunia
1110 3214 1280 3290 haberent3

277 3316 422 3394 plurimis
437 3318 530 3377 otiam
543 3319 726 3380 civitatibus
740 3325 772 3378 et
784 3319 917 3396 privatis
930 3325 1050 3379 veteres
1067 3319 1282 3379 immunitates

277 3421 371 3482 etius
387 3423 586 3482 metallorum
604 3443 639 3484 ac
657 3424 859 3500 vectigalium
879 3424 1042 3503 adempta;
1066 3425 1120 3484 sed
1136 3431 1167 3483 et
1181 3424 1282 3485 Vono
1304 3421 1320 3462 '

232 3539 261 3584 30
276 3544 349 3584 uem
367 3545 472 3602 regem
492 3528 692 3604 Parthorum,
712 3529 768 3606 qui
787 3529 897 3607 pulsus
914 3549 933 3589 a
952 3529 1018 3589 suis
1033 3529 1123 3606 quasi
1138 3529 1171 3588 in
1186 3528 1282 3588 fidem

277 3629 386 3710 populi
401 3631 536 3692 Romani
551 3652 621 3694 cum
632 3634 754 3710 ingenti
766 3653 842 3710 gaza
851 3633 1055 3697 Antiochiam
1068 3653 1101 3696 sc
1112 3639 1280 3716 receperat,

277 3736 446 3816 spoliatum
460 3739 593 3817 perfidia
607 3745 639 3803 et
653 3740 798 3804 occisum.
