3106 4378
492 297 605 347 uranu
628 297 661 347 v.
716 297 829 348 arvus
852 295 1047 347 susumus.
1233 282 1274 347 81

268 467 516 530 imbecillitatem
529 470 595 530 eius
608 489 643 530 ac
654 470 804 530 damnum
815 460 1006 530 liberalitate
1018 487 1075 529 sua
1083 472 1276 528 resarturum

267 573 444 652 pollicente.
496 575 557 646 Qui
579 581 685 635 tamen
710 575 846 635 moriens
869 580 901 634 et
923 574 957 633 in
979 573 1085 634 tertiis
1108 571 1276 635 heredibus

268 697 339 740 eum
359 700 398 740 ex
416 685 506 758 parte
524 679 619 740 tertia
635 685 860 758 nuncupatum,
877 679 982 756 legato
1001 679 1095 737 etiarn
1114 679 1197 742 circa
1217 697 1277 740 ses·

268 785 397 845 tertium
405 785 502 846 vicies
514 791 697 863 prosecutus
706 785 938 846 commendavit
949 784 1077 861 insuper
1088 783 1277 845 exercitibus

268 909 304 951 ac
319 891 444 951 senatui
457 889 641 969 populoque
649 892 792 950 Romano
802 891 885 951 iuter
897 895 1016 950 ceteras
1027 889 1277 950 necessitudines
1293 903 1308 947 s

267 996 462 1056 nominatim.
1175 1072 1177 1077 Α

236 1099 253 1150 7
309 1101 373 1161 Sub
388 1101 468 1163 Gaio
477 1102 604 1162 demum
619 1101 729 1162 fratris
741 1101 818 1177 filio,
829 1102 998 1162 secundam
1010 1099 1278 1160 existimationem

268 1205 351 1266 circa
364 1207 458 1266 initia
471 1206 598 1285 imperii
612 1206 756 1267 omnibus
771 1205 937 1266 lenociniis
952 1205 1129 1281 colligente,
1144 1204 1278 1265 honores

269 1311 448 1388 auspicatus
468 1311 665 1372 consulatum
689 1312 787 1389 gessit
808 1331 871 1372 uua
891 1329 947 1390 per
972 1311 1049 1371 duos

268 1434 401 1491 menses,
427 1417 596 1494 evenitque
620 1424 657 1476 ut
685 1417 832 1495 primitus
859 1415 1049 1504 ingredienti

269 1539 338 1580 cum
370 1521 509 1581 fascibus
542 1522 647 1580 forum
675 1522 910 1600 praetervolans
944 1520 1051 1599 aquila

269 1626 445 1686 dexteriore
465 1637 573 1686 umero
602 1627 786 1687 consideret.
831 1626 967 1688 Sortitus
990 1631 1038 1686 est
1063 1628 1153 1687 etde
1179 1627 1279 1688 altero

268 1732 433 1792 consulatu
444 1733 478 1791 iu
490 1738 638 1810 quartum
649 1751 782 1808 annum3
807 1732 1028 1810 praeseditque
1043 1751 1278 1816 nonnumquam

270 1837 457 1915 spectaculis
478 1838 513 1896 in
538 1839 599 1898 Gai
617 1838 729 1913 vicem,
755 1838 947 1898 acclamante
976 1837 1108 1915 populo:
1140 1841 1280 1898 Feliciter

268 1943 385 2020 partim
393 1953 508 2019 patruo
526 1948 718 2019 imperatoris
733 1944 849 2020 partim
860 1945 1045 2004 'Germanic-i
1052 1947 1150 2018 fratri
1158 1947 1170 2002 l
1211 1944 1278 2002 Nec
1298 1959 1325 2004 15

237 2051 304 2107 8eo
326 2049 430 2114 minus
452 2048 651 2109 contumeliis
671 2049 825 2109 obnoxius
848 2048 938 2108 vixit.
982 2049 1067 2108 Nam
1086 2054 1119 2108 et
1138 2049 1165 2109 si
1185 2049 1279 2126 paulo

270 2153 369 2213 serius
389 2154 429 2213 ad
448 2154 642 2231 praedictam
662 2172 755 2214 cenae
774 2153 883 2214 horam
904 2154 1051 2214 occurris-

1077 1389 1167 1438 consul
1178 1392 1256 1437 uum
1296 1418 1325 1464 10

1076 1464 1155 1512 Gaius

269 2263 326 2333 set,
341 2259 468 2318 nonnisi
480 2277 571 2335 aegre
583 2265 614 2319 et
625 2260 757 2344 circuito
769 2259 895 2318 demum
911 2259 1051 2320 triclinio
1076 2203 1250 2325 {ptpletcstpppo

269 2363 487 2441 recipiebatur,
508 2369 540 2424 et
559 2365 705 2442 quotiens
725 2370 796 2443 post
817 2365 921 2424 cibum
944 2365 1051 2424 addor-
1077 2355 1171 2411 “⁸³8³

269 2470 423 2544 misceret,
436 2470 521 2547 quod
536 2470 565 2529 ei
579 2469 647 2530 fere
661 2469 831 2545 accidebat,
845 2470 983 2530 olearum
999 2477 1054 2531 aut
1068 2473 1278 2550 palmularum
1295 2482 1325 2526 ao

269 2575 391 2635 ossibus
411 2575 633 2650 incessebatur,
654 2575 814 2635 interdurn
835 2575 939 2635 ferula
960 2575 1096 2654 flagrovc
1116 2578 1203 2636 velut
1223 2597 1278 2655 per

268 2680 378 2740 ludum
393 2681 590 2740 excitabatur
609 2699 628 2740 a
646 2681 775 2758 cupreis.
820 2680 971 2741 Solebant
990 2688 1021 2741 et
1039 2683 1184 2742 manibus
1204 2688 1279 2741 ster-

267 2786 366 2846 tentis
398 2787 478 2847 socci
515 2786 631 2862 induci,
660 2792 697 2846 ut
733 2792 861 2865 repente
896 2788 1135 2864 expergefactus
1163 2788 1278 2847 faeiem

269 2892 395 2952 sibimet
417 2892 613 2952 confricaret.
963 2974 966 2980 Ι

236 3000 254 3050 9
310 2998 372 3057 Sed
390 3017 430 3057 ne
449 2998 685 3059 discriminibus
700 2998 827 3076 quidem
843 2998 951 3057 caruit.
996 2998 1138 3058 Primum
1153 2999 1187 3058 iu
1209 2999 1279 3076 ipso
1295 3015 1324 3060 25

268 3103 443 3179 consulatu,
460 3105 543 3181 quod
563 3103 699 3164 Neronis
719 3109 751 3163 et
770 3103 876 3178 Drusi,
892 3104 1029 3162 fratrum
1051 3103 1202 3178 Caesaris,
1219 3108 1280 3164 sta

268 3214 339 3268 tuas
352 3210 478 3285 segnius
490 3209 638 3269 locandas
649 3209 871 3286 ponendasque
886 3215 1036 3284 curasset,
1049 3227 1147 3286 paene
1163 3209 1277 3270 honore

270 3322 442 3377 summotus
460 3321 524 3391 est;
547 3315 661 3374 deinde
681 3320 830 3374 extraneo
850 3313 901 3374 vel
921 3314 1015 3374 etiam
1037 3313 1279 3374 domesticorum

269 3421 375 3498 aliquo
390 3421 551 3481 deferente
562 3419 688 3480 assidue
699 3418 848 3497 varieque
860 3419 1064 3497 inquietatus.
1109 3421 1189 3480 Cum
1204 3439 1279 3480 vero

269 3526 393 3586 detecta
413 3531 496 3586 esset
521 3524 634 3604 Lepidi
659 3530 691 3584 et
717 3524 875 3585 Gaetulici
900 3519 1083 3598 coniuratio,
1107 3525 1222 3586 missus
1244 3525 1277 3584 in
1294 3538 1324 3582 eo

269 3631 471 3692 Germaniam
492 3630 575 3690 iuter
599 3630 719 3706 legatos
745 3630 786 3689 ad
814 3628 1045 3706 gratulandum,
1071 3631 1168 3698 etiam
1193 3631 1277 3690 vitae

270 3735 444 3814 periculum
459 3735 555 3813 'adiit
577 3735 762 3811 indignante
784 3753 820 3796 ac
844 3735 999 3794 fremente
1025 3735 1106 3797 Gaio
1129 3741 1276 3813 patruum
