3106 4378
297 275 359 337 112
398 288 427 338 c.
451 287 609 338 sunroru
626 285 856 350 rusucumnr
873 287 925 336 nn
945 287 1036 336 vrrs
1057 286 1260 338 causacum

293 459 366 536 pius
381 459 523 538 publice,
547 455 740 520 recitavit'et
753 458 901 534 carmina,
917 477 980 518 non
995 441 1090 520 modo
1102 458 1186 518 domi
1202 459 1257 518 sed
1272 464 1303 518 et

294 564 328 623 in
342 563 476 640 theatro,
489 571 580 625 tanta
600 564 817 624 universorum
837 563 969 638 laetitia,
984 570 1020 623 ut
1035 564 1074 624 ob
1088 563 1303 623 recitationem

294 669 484 748 supplicatio
500 670 626 730 decreta
641 669 692 744 sit,
708 688 805 746 eaque
819 688 892 747 pars
913 669 1085 729 carminum
1104 668 1207 729 aureis
1221 667 1305 729 litte

294 776 338 837 ris
353 776 423 836 Iovi
439 775 618 852 Capitolino
633 774 746 835 dicata

262 891 278 937 a
335 881 591 959 Spectaculorum
606 879 744 958 plurima
757 885 790 940 et
805 879 893 940 varia
912 898 1026 956 genera
1040 879 1156 940 edidit:
1179 880 1304 940 iuvene·
1318 888 1354 938 11

293 987 349 1061 les,
361 986 523 1060 circenses,
538 985 695 1046 scaenicos
707 985 808 1060 ludos,
820 984 1043 1061 gladiatorium
1055 1004 1177 1045 munus.
1213 986 1303 1045 Iuve-

522 1091 647 1151 nalibus
677 1108 766 1178 senes
794 1107 918 1166 quoque
949 1088 1128 1150 consulares
1162 1108 1302 1167 anusque

522 1201 681 1256 matronas
709 1194 828 1273 recepit
860 1195 901 1256 ad
933 1193 1058 1258 lusum..
1102 1194 1302 1256 Circensibus

293 1301 362 1362 loca
380 1301 482 1378 equiti
506 1306 625 1362 secreta
648 1320 668 1361 a
690 1301 803 1361 ceteris
826 1299 948 1374 tribuit,
963 1298 1182 1377 commisitque
1206 1300 1302 1360 ctiam

250 1413 277 1458 10
293 1406 481 1466 camelorum
505 1406 682 1483 quadrigas.
727 1405 837 1480 Ludis,
860 1424 937 1483 quos
960 1424 1017 1484 pro
1039 1405 1225 1465 aeternitate
1248 1405 1303 1465 im-

293 1512 374 1590 perii
407 1516 568 1589 susceptos
598 1511 752 1591 appellari
785 1515 934 1571 mariscos
960 1510 1071 1585 voluit,
1099 1529 1139 1570 ex
1169 1516 1302 1590 utroque

293 1617 402 1677 ordine
425 1622 457 1676 et
485 1636 563 1676 sexu
591 1605 732 1695 plerique
766 1616 903 1678 ludicras
933 1623 1038 1694 partes
1068 1616 1301 1694 sustinuerunt;

292 1722 477 1784 notissimus
506 1741 601 1799 eques
627 1723 788 1782 Romanus
817 1721 986 1799 elephanto
1015 1721 1216 1800 supersidens
1247 1741 1302 1800 per

292 1826 506 1889 catadromum
542 1827 738 1902 decucurrit;
777 1827 906 1887 inducta
934 1827 1049 1887 Afrani
1076 1832 1193 1903 togata,
1222 1846 1303 1905 quae

163 1959 165 1965 s
249 1947 276 1990 15
293 1935 472 1994 Incendium
492 1933 684 2006 inscribitur,
708 1951 952 2010 concessumque
976 1938 1012 1991 ut
1038 1932 1171 1992 scaenici
1196 1933 1304 1992 arden-

291 2039 335 2100 tis
366 2039 476 2099 domus
512 2037 741 2116 supellectilem
778 2038 951 2115 diriperent
979 2056 1015 2097 ac
1044 2037 1104 2098 sibi
1132 2037 1301 2114 haberent;

293 2163 402 2222 sparsa
417 2149 449 2203 et
463 2143 578 2222 populo
597 2143 731 2204 missilia
749 2143 888 2202 omnium
904 2162 1008 2202 rerum
1022 2162 1078 2220 per
1093 2162 1199 2203 omncs
1214 2143 1300 2202 dies:

293 2248 418 2325 singula
439 2249 554 2309 cotidie
576 2249 666 2308 milia
686 2248 793 2308 avium
814 2248 966 2325 cuiusque
987 2229 1119 2325 generis,
1134 2247 1303 2326 multiplex

293 2373 401 2433 penus,
425 2360 561 2414 tesserae
587 2354 822 2430 frumentariae,
849 2354 957 2429 vestis,
982 2373 1102 2429 aurum,
1127 2359 1301 2430 argentum,

248 2470 278 2514 ao
293 2479 441 2537 gemmae,
464 2460 659 2536 margaritae,
684 2459 810 2533 tabulae
831 2459 944 2537 pictae,
964 2459 1131 2537 mancipia,
1152 2459 1301 2534 iumenta,

293 2571 387 2643 atque
408 2565 504 2625 etiam
528 2569 710 2625 mansuetae
735 2565 830 2641 ferae,
851 2565 1022 2626 novissime
1044 2583 1149 2640 naves,
1169 2565 1301 2640 insulae,

293 2672 368 2748 agri.
390 2643 481 2731 'Hos
496 2670 585 2731 ludos
602 2670 758 2748 spectavit
769 2689 787 2731 e
799 2671 973 2749 proscaenii
988 2671 1127 2747 fastigio.
1161 2672 1302 2745 Munere,
1319 2688 1355 2738 12

293 2777 376 2854 quod
400 2777 436 2835 in
460 2775 694 2854 amphitheatro
720 2776 825 2852 ligneo
853 2777 978 2853 regione
1005 2777 1115 2837 Martii
1136 2776 1239 2854 campi
1260 2776 1304 2836 in-

292 2888 343 2942 tra
367 2882 441 2941 anni
464 2881 602 2959 spatium
627 2881 782 2942 fabricato
812 2883 910 2958 dedit,
935 2883 1094 2942 neminem
1115 2882 1239 2957 occidit,
1265 2901 1304 2941 nc

248 2993 276 3037 25
292 2986 458 3046 noxiorum
477 2987 605 3064 quidem
614 3011 622 3062 ;
646 2987 791 3049 exhibuit
813 2996 918 3049 autem
933 2990 973 3050 ad
988 2991 1107 3049 ferrum
1122 2988 1216 3049 etiam
1232 3007 1305 3065 qua

293 3092 476 3168 dringentos
503 3099 662 3154 senatores
690 3101 911 3172 sescentosque
937 3096 1059 3172 equites
1085 3096 1251 3169 Romanos,
1272 3099 1305 3153 et

293 3197 444 3275 quosdam
459 3198 605 3258 fortunae
622 3203 717 3276 atque
733 3199 977 3260 existimationis
993 3201 1142 3277 integrae,
1152 3219 1191 3259 ex
1203 3199 1304 3259 isdem

293 3303 454 3363 ordinibus
481 3305 675 3365 confectores
701 3323 824 3382 quoque
847 3305 984 3366 ferarum
1007 3311 1039 3366 et
1060 3306 1148 3366 varia
1168 3306 1304 3366 harenae

293 3395 486 3485 ministeria3
510 3409 656 3469 exhibuit
670 3415 703 3470 et
717 3410 935 3471 naumachiam
953 3411 1074 3471 marina
1090 3429 1180 3488 aqua,
1195 3411 1304 3472 innan·

248 3517 277 3562 30
293 3515 378 3574 tibus
394 3515 514 3590 beluis;
537 3514 614 3574 item
629 3514 793 3600 pyrrichas
812 3516 964 3594 quasdam
986 3537 1003 3576 e
1024 3536 1154 3576 numero
1174 3516 1305 3594 ephebo

190 3619 197 3632 '
293 3640 371 3694 rum,
407 3620 522 3698 quibus
557 3625 629 3699 post
661 3621 777 3681 editam
808 3640 933 3699 operam
962 3622 1136 3701 diplomata
1163 3621 1304 3682 civitatis

299 3728 455 3786 Romanae
484 3725 617 3803 singulis
651 3726 775 3788 obtulit.
788 3723 806 3786 ’.
830 3771 867 3787 ..
919 3726 1029 3788 Icarus
1061 3726 1163 3805 primo
1196 3726 1304 3787 statim

294 1155 440 1216 Spectans·
