3106 4378
568 319 680 369 amun
702 319 751 371 vr.
801 318 907 370 nunc.
1180 303 1244 369 139

241 507 305 547 rem
320 465 583 567 formidinemque
598 489 779 550 visentium.
821 489 914 549 Nihil
932 488 1020 567 prius
1036 494 1091 549 aut
1109 488 1209 565 magis
1226 507 1246 548 a

241 592 407 653 comitibus
431 600 577 671 exegerat
601 613 696 672 quam
723 613 763 654 ne
790 599 930 671 potestas
958 579 1103 670 cuiquam
1130 592 1244 671 capitis

241 697 290 758 sni
311 697 409 774 fieret,
432 699 487 758 sed
507 703 544 758 ut
564 717 690 777 quoquo
710 699 804 759 modo
824 704 909 759 totus
934 703 1129 758 cremaretur.
1172 698 1245 757 Per-

201 785 214 814 ⁹
240 802 329 862 misit
342 803 400 862 hoc
414 803 519 864 Icelus
534 804 654 864 Galbae
669 804 811 880 libertus,
826 823 890 862 non
904 802 1005 862 multo
1021 809 1095 863 ante
1107 802 1243 863 vinculis

240 908 412 984 exsolutus,
427 908 461 968 in
476 927 555 986 quae
570 909 671 987 primo
685 909 825 969 tumultu
839 909 998 969 coniectus
1012 908 1125 968 fuerat.
1260 924 1274 968 5

188 1022 227 1073 50
280 1013 456 1074 Funeratus
478 1019 526 1074 est
547 1015 690 1092 impensa
710 1015 915 1074 ducentorum
938 1013 1072 1088 milium,
1095 1012 1243 1089 stragulis

240 1119 321 1179 albis
346 1138 421 1180 auro
442 1120 583 1194 intextis,
602 1120 716 1197 quibus
738 1140 813 1181 usus
833 1119 906 1179 Kal.
924 1120 990 1179 Ian.
1006 1120 1119 1178 fuerat.
1162 1118 1245 1177 Reli-

240 1225 331 1302 quias
359 1225 474 1300 Ecloge
501 1230 534 1284 et
560 1224 755 1285 Alexandria
781 1224 919 1285 nutrices
948 1243 1018 1283 cum

240 1328 321 1388 Acte
346 1330 518 1390 concubina
542 1329 654 1406 gentili
678 1329 889 1389 Domitiorum
914 1348 1020 1410 monu-

241 1440 345 1494 mento
360 1434 576 1509 condiderunt,
591 1434 675 1511 quod
690 1434 880 1513 prospicitur
895 1452 912 1493 e
929 1452 1039 1511 campo
1054 1432 1172 1492 Martio
1190 1432 1246 1490 im·
1261 1446 1290 1491 10

240 1539 377 1617 positum
392 1538 536 1599 colliculo
551 1538 767 1599 Hortulorum.
810 1540 850 1597 In
865 1556 902 1598 eo
916 1543 1117 1598 monumento
1131 1536 1244 1598 solium

240 1643 454 1722 porphyretici
476 1644 649 1720 marmoris,
665 1649 863 1722 superstante
881 1644 1021 1703 Lunensi
1040 1661 1103 1718 ara,
1118 1643 1245 1702 circum-

150 1736 155 1745 ’
240 1755 383 1827 saeptum
397 1755 445 1810 est
459 1749 563 1827 lapide
577 1749 702 1810 Thasio.

188 1864 225 1914 51
282 1855 409 1930 Statura
432 1854 496 1914 fuit
521 1873 617 1933 prope
638 1855 731 1930 iusta,
752 1874 881 1933 corpore
901 1854 1060 1914 maculoso
1080 1859 1113 1913 ct
1133 1853 1244 1929 fetido,

241 1959 382 2020 subflavo
412 1959 536 2038 capillo,
565 1960 657 2020 vultu
687 1959 818 2038 pulchro
851 1959 951 2034 magis
979 1977 1074 2036 quam
1101 1964 1244 2034 venusto,
1261 1973 1290 2018 ro

240 2063 340 2123 oculis
355 2065 466 2124 caesiis
486 2071 520 2124 et
537 2062 762 2139 hebetioribus,
778 2065 898 2124 cervice
917 2063 1018 2139 obesa,

239 2171 349 2226 ventre
368 2166 514 2244 proiecto,
530 2166 715 2242 gracillimis
737 2168 887 2243 cruribuS,
903 2167 1020 2228 valetu-
1045 2143 1186 2276 fggffm

240 2270 314 2330 dine
341 2291 489 2350 prospera
516 2271 602 2350 (nam
628 2273 683 2349 qni
706 2271 849 2333 luxuriae
874 2273 1020 2332 immode-

240 2376 417 2436 ratissimae
444 2383 535 2453 esset,
561 2383 610 2436 ter
637 2378 765 2438 omnino
792 2397 848 2456 per
872 2378 1120 2456 quattuordecim
1146 2397 1244 2438 annos

240 2480 372 2558 languit,
401 2487 495 2559 atque
522 2483 569 2542 ita
596 2488 632 2542 ut
658 2501 760 2560 neque
789 2484 862 2542 vino
890 2502 991 2559 neque
1019 2483 1244 2543 consuetudine
1261 2498 1290 2543 nu

240 2587 362 2663 reliqua
385 2587 589 2668 abstineret),
619 2588 703 2648 circa
724 2588 844 2648 cultum
867 2588 1073 2665 hahitumque
1094 2589 1171 2648 adeo
1192 2608 1246 2666 pu·

240 2691 369 2768 dendus,
391 2699 427 2752 ut
449 2711 567 2752 comam
589 2711 712 2772 semper
733 2694 768 2752 in
788 2695 903 2771 gradus
924 2694 1091 2753 formatam
1112 2693 1246 2770 peregri·

240 2797 366 2856 natione
394 2797 533 2858 Achaica
563 2799 658 2859 etiam
689 2819 770 2877 pone
798 2799 948 2860 verticem
979 2798 1181 2874 summiserit,
1209 2817 1245 2858 ac

239 2903 431 2981 plerumque,
454 2905 671 2983 synthesinam
696 2907 838 2982 indutus,
859 2907 957 2982 ligato
985 2907 1099 2966 circum
1129 2905 1245 2965 collum

240 3009 365 3069 sudario
378 3010 531 3087 prodierit
546 3011 580 3069 in
594 3011 754 3090 publicum
766 3013 834 3073 sine
845 3013 951 3072 cinctu
961 3017 993 3072 et
1007 3011 1216 3072 discalciatus.
1261 3028 1290 3073 25

188 3121 225 3172 52
280 3113 435 3174 Liberalis
459 3115 645 3194 disciplinas
670 3118 861 3178 omniafere
885 3137 963 3196 puer
983 3118 1100 3194 attigit.
1143 3117 1206 3177 Sed
1226 3135 1245 3177 a

240 3218 441 3298 philosophia
459 3239 532 3280 eum
552 3229 653 3283 mater
673 3223 797 3299 avertit,
813 3243 942 3284 monens
963 3223 1155 3301 imperaturo
1176 3243 1246 3284 con·

239 3324 369 3384 trariam
381 3344 466 3386 esse:
488 3346 507 3387 a
520 3327 698 3405 cognitione
708 3334 849 3389 veterum
861 3335 1019 3389 oratorum

241 3429 358 3490 Seneca
380 3437 572 3510 praeceptor,
598 3451 661 3510 quo
684 3433 806 3494 diutius
831 3434 865 3493 in
888 3434 1019 3494 admira
1045 3408 1207 3531 ξὲἰῐῗξω

239 3534 326 3595 tione
355 3536 404 3596 sui
432 3538 595 3598 detineret.
652 3539 765 3616 Itaque
793 3540 834 3599 ad
864 3539 1018 3616 poeticam
1260 3554 1290 3598 ao

240 3659 366 3717 pronus,
388 3642 527 3702 carmina
550 3643 685 3703 libenter
707 3662 742 3703 ac
764 3643 833 3703 sine
854 3643 959 3704 labore
981 3643 1154 3721 composuit
1178 3663 1243 3719 nec,

240 3751 276 3805 ut
300 3745 428 3822 quidam
456 3752 578 3825 putant,
604 3747 708 3808 aliena
732 3767 789 3826 pro
816 3748 882 3809 suis
910 3747 1019 3809 edidit.
1061 3749 1182 3809 Venere
1210 3749 1246 3807 in

1044 1288 1131 1335 nunu
1229 1268 1230 1273 ’
