3106 4378
480 297 593 348 nmen
615 299 649 349 v.
703 291 1034 352 orvns‘cxnoome.
1220 288 1262 354 85

255 467 408 530 Camillus
430 468 662 546 Scribonianus,
679 469 857 532 Delmatiae
878 471 1017 548 legatus;
1046 489 1156 531 verum
1177 471 1262 533 intra

255 574 400 652 quintum
418 574 501 634 diem
524 593 694 654 oppressus
715 581 772 651 est,
790 575 975 653 legionibus,
991 595 1070 653 quae
1091 595 1263 638 sacramen·

253 686 322 741 tum
349 685 559 755 mutaverant,
588 680 622 739 in
652 678 880 760 paenitentiam
910 681 1060 756 religione
1091 681 1261 759 conversis,

253 791 431 865 postquam,
460 784 647 844 denuntiato
677 785 718 844 ad
744 803 869 845 novum·
889 785 1109 862 imperatorem
1127 785 1260 868 itinere,

254 910 328 952 casu
352 890 487 969 quodam
512 909 548 949 ac
573 889 729 949 divinitus
754 908 855 968 neque
880 890 1004 967 aquilae
1028 891 1132 951 ornari
1160 902 1291 970 nequeo

254 997 344 1073 signa
363 994 499 1056 convelli
522 995 701 1073 moverique
723 995 901 1073 potuerunt.

202 1118 240 1168 14
293 1101 484 1164 Consulatus
499 1118 592 1179 super
607 1099 777 1178 pristinum
792 1105 941 1178 quattuor
954 1101 1069 1178 gessit3
1092 1119 1131 1161 ex
1145 1101 1259 1179 quibus

253 1209 316 1268 duo
339 1207 457 1286 primos
482 1205 624 1280 iunctim,
648 1205 808 1284 sequentis
832 1223 889 1284 per
912 1205 1124 1282 intervallum,
1148 1213 1260 1284 quarto

253 1331 407 1391 quemque
427 1330 516 1384 ann0,
533 1315 738 1371 semenstrem
759 1310 976 1386 novissimum,
991 1311 1035 1370 bi·
1207 1371 1209 1376 ,

253 1418 401 1478 menstris
422 1422 549 1492 ceteros,
565 1416 694 1476 tertium
718 1421 833 1491 autem,
848 1433 930 1475 novo
951 1415 1034 1476 eirca
1059 1377 1235 1508 mma
1275 1428 1305 1474 ro

252 1523 425 1602 principem
444 1521 596 1600 exemplo,
612 1521 646 1580 in
668 1521 772 1581 locum
793 1521 949 1580 demortui
971 1521 1034 1580 suf·
1058 1519 1213 1567 (ΜΝ

251 1630 362 1688 tectus.
405 1629 461 1688 Ius
488 1629 521 1686 et
553 1626 662 1687 consul
692 1632 724 1686 et
759 1632 849 1686 extra
882 1625 1031 1685 honorem
1057 1587 1160 1648 lum
1173 1590 1259 1696 mm

251 1732 496 1794 laboriosissime
519 1731 611 1807 dixit,
634 1731 729 1792 etiam
753 1731 819 1792 suis
844 1728 1032 1809 suorumque
1060 1732 1173 1816 diebus
1201 1733 1258 1793 sol-

251 1839 417 1913 lemnibus,
452 1855 687 1914 nonnumquam
725 1836 818 1918 festis
853 1853 976 1914 quoque
1015 1837 1192 1915 antiquitus
1226 1845 1259 1900 et

251 1943 416 2021 religiosis,
458 1943 525 2002 Nee
544 1960 667 2020 semper
688 1942 883 2020 praescripta
901 1940 1005 2017 legum
1025 1951 1160 2020 secutus,
1175 1943 1259 2004 duri·
1274 1957 1303 2003 ro

251 2050 327 2110 tiam
353 2048 557 2108 lenitatemve
583 2047 753 2107 multarum
776 2065 815 2106 ex
838 2048 920 2107 bono
940 2052 973 2108 et
997 2065 1105 2126 aeque,
1126 2049 1257 2127 perinde

251 2160 287 2214 ut
306 2154 500 2228 adficeretur,
516 2152 692 2212 moderatus
715 2158 780 2228 est;
802 2158 929 2212 namet
950 2152 1000 2229 iis,
1016 2153 1071 2231 qui
1092 2156 1176 2233 apud
1197 2156 1259 2233 pri-

251 2266 340 2320 vatos
357 2259 477 2319 iudices
497 2258 569 2337 plus
588 2257 723 2336 petendo
744 2257 882 2317 formula
902 2258 1102 2336 excidissent,
1117 2260 1259 2322 restituit

250 2365 398 2440 actiones,
410 2363 486 2424 etin
500 2363 617 2424 maiore
627 2363 740 2423 fraude
755 2363 924 2439 convictos,
936 2362 1109 2439 legitimam
1124 2384 1257 2443 poenam

200 2483 236 2534 15
251 2488 470 2549 supergressus
495 2469 535 2528 ad
560 2468 676 2529 bestias
698 2468 928 2528 condemnavit,
978 2469 1019 2527 In
1042 2470 1258 2546 cognoscendo
1273 2485 1303 2531 ao

251 2581 356 2637 autem
379 2594 414 2635 ac
438 2574 633 2634 decernendo
658 2573 737 2635 mira
758 2575 911 2637 varietate
934 2575 1031 2636 animi

1058 2655 1233 2704 cunctatas

250 2681 322 2758 fuit,
337 2681 430 2740 modo
444 2679 687 2756 circumspectus
702 2685 734 2740 et
752 2699 856 2757 sagax,
872 2680 1030 2741 interdum
1055 2731 1090 2792 Ju
1091 2733 1139 2792 (18⁰

250 2785 447 2847 inconsultus
462 2803 497 2845 ac
512 2803 669 2862 praeceps,
685 2779 919 2864 nonnumquam
937 2787 1032 2848 frivo

250 2892 299 2951 lus
314 2890 494 2968 amentique
510 2889 632 2951 similis.
677 2893 755 2952 Cum
771 2893 913 2954 decurias
928 2871 1031 2955 rerum
1050 2901 1123 2956 actu
1140 2913 1257 2972 expun-

250 3001 345 3072 geret,
374 3014 454 3071 eum,
483 2995 538 3073 qui
567 2995 766 3058 dissimulata
792 2999 956 3059 vacatione
984 3019 1078 3078 quarn
1106 3000 1256 3061 beneficio
1272 3013 1301 3058 ac

250 3102 418 3164 liberorum
447 3101 582 3163 habebat
611 3105 824 3181 responderat,
852 3111 889 3165 ut
916 3105 1065 3185 cupidum
1096 3107 1256 3168 iudicandi

250 3207 389 3284 dimisit;
418 3207 514 3267 aliurn
540 3208 777 3286 interpellatum
798 3210 838 3270 ab
859 3212 1048 3274 adversariis
1062 3213 1108 3292 de
1129 3213 1257 3291 propria

249 3313 316 3390 lite,
344 3319 574 3392 negantemque
602 3313 791 3389 cognitionis
821 3333 897 3392 rem,
923 3317 978 3377 sed
999 3316 1153 3378 ordinarii
1177 3318 1255 3379 iuris

249 3438 327 3495 esse,
353 3437 444 3496 agere
472 3437 598 3480 causam
625 3418 793 3479 confestim
820 3421 904 3499 apud
933 3440 965 3481 se
993 3422 1104 3499 coegit,
1128 3427 1256 3499 proprio
1310 3465 1326 3484 2

198 3525 200 3532 ⁴
249 3528 366 3603 negotio
381 3527 590 3586 docaawrctura
604 3527 756 3600 daturum,
771 3543 864 3600 quom
878 3545 991 3602 aequm
1006 3529 1096 3588 iudea
1109 3531 1141 3587 io
1158 3531 1256 3588 alieno
1272 3535 1301 3583 30
1336 3528 1340 3536 ’

250 3608 503 3710 negotiosorum
521 3637 602 3689 esset.
645 3629 807 3690 Feminam
829 3649 893 3690 non
913 3638 1132 3706 agnoscentem
1153 3632 1255 3693 fflium

251 3757 352 3814 suurn,
380 3733 477 3796 dubie
503 3733 663 3811 utrimque
690 3741 943 3810 argumentorum
971 3736 1042 3814 fide,
1070 3739 1111 3798 ad
1138 3738 1257 3799 confes·
