3106 4378
291 281 333 344 98
368 293 398 344 c.
425 292 580 342 suenoni
603 291 832 354 remetimur
856 294 906 342 nn
928 292 1019 344 vixx
1042 293 1244 345 cassanum

331 463 486 525 Convivia
500 463 635 539 agitavit
649 471 681 524 et
694 465 800 542 ampla
814 470 845 524 et
859 465 995 540 assidua,
1011 483 1046 524 ac
1064 466 1130 525 fere
1150 467 1299 545 patentis·
1313 480 1350 531 32
1372 528 1376 534 ,

292 569 381 630 simis
409 568 487 630 locis
511 575 548 628 ut
571 568 756 647 plerumque
785 561 919 630 sesceni
934 570 1029 630 simul
1057 571 1297 631 discumberent.

516 673 711 734 Convivatus
732 680 781 734 est
801 680 833 734 et
853 693 946 752 super
967 676 1164 736 emissarium
1186 677 1298 736 Fucini

516 778 612 854 lacus,
629 798 664 840 ac
683 798 780 857 paene
803 799 1002 856 summersus,
1018 800 1086 840 cum
1109 782 1224 843 emissa
1244 783 1299 842 im-

258 903 274 948 s
290 891 366 963 petu
380 903 462 961 aqua
476 883 691 950 redundasset.
735 885 915 945 Adhibebat
930 886 1014 945 omni
1029 905 1123 946 cenae
1137 892 1169 946 et
1183 887 1298 948 liberos

291 1010 363 1051 suos
383 1008 451 1049 eum
473 989 578 1067 pueris
597 989 775 1068 puellisque
789 989 956 1066 nobilibus,
972 991 1028 1068 qui
1042 1010 1127 1052 more
1140 998 1243 1053 vetere
1258 994 1298 1056 ad

289 1096 393 1156 fulcra
427 1096 579 1156 lectorum
614 1097 759 1156 sedentes
787 1095 995 1157 vescerentur.
1048 1098 1214 1174 Convivae,
1244 1099 1299 1176 qui

289 1201 392 1280 pridie
413 1201 565 1280 scyphum
589 1220 717 1261 aureum
738 1202 931 1279 subripuisse
949 1203 1199 1278 existimabatur,
1214 1222 1299 1264 reve

289 1314 360 1368 cato
374 1307 408 1366 in
422 1308 506 1367 diem
521 1313 682 1385 posterum
695 1307 824 1368 calicem
839 1308 968 1368 fictilem
983 1309 1138 1386 apposuit.
1161 1355 1168 1369 .
1192 1355 1198 1368 .
1222 1355 1228 1368 .

245 1430 274 1476 10
330 1412 400 1473 Cibi
414 1411 544 1490 vinique
559 1431 754 1491 quocumque
768 1418 800 1473 et
814 1420 954 1492 tempore
972 1420 1004 1474 et
1022 1415 1090 1474 loco
1109 1415 1299 1493 appetentis·
1312 1427 1350 1478 33

290 1518 398 1594 simus,
423 1536 612 1594 cognoscens
640 1519 797 1596 quondam
823 1520 857 1578 in
880 1519 1019 1596 Augusti
1048 1520 1127 1595 fore,
1153 1519 1298 1598 ictusque

515 1623 625 1683 nidore
639 1624 774 1702 prandii,
787 1624 872 1702 quod
886 1625 920 1683 in
933 1625 1078 1702 proxima
1092 1625 1206 1686 Martis
1221 1626 1297 1686 aede

289 1688 416 1750 ΜΨ
517 1729 613 1790 Saliis
625 1731 844 1814 apparabatur,
858 1731 982 1790 deserto
992 1730 1145 1791 tribunali
1156 1732 1298 1792 ascendit

290 1835 330 1894 ad
358 1835 534 1894 sacerdotes
562 1854 687 1913 unaque
715 1835 871 1904 decubuit.
914 1837 982 1896 Neo
1006 1841 1124 1896 temere
1147 1855 1296 1915 umquam

245 1952 274 1998 lo
289 1939 429 1999 triclinio
450 1940 601 2000 abscessit
622 1940 684 2000 nisi
707 1941 865 2001 distentus
885 1960 920 2001 ac
938 1942 1077 2017 madens,
1093 1948 1125 2002 et
1138 1947 1174 2002 ut
1190 1943 1298 2002 statim

290 2045 404 2123 supino
425 2064 460 2106 ac
482 2065 537 2124 per
559 2065 701 2107 somnum
723 2035 827 2107 hianti
848 2047 946 2124 pinna
966 2048 1000 2105 in
1021 2067 1055 2107 os
1077 2047 1239 2107 inderetur
1258 2049 1298 2107 ad

290 2153 518 2211 exonerandum
543 2153 746 2212 stomachum.
792 2152 899 2211 Somni
922 2152 1100 2212 brevissimi
1122 2158 1189 2212 erat
1211 2154 1296 2231 (nam

289 2261 363 2316 ante
377 2256 515 2317 mediam
528 2264 651 2318 noctem
666 2258 849 2335 plerumque
869 2246 1052 2338 evigilabat)
1070 2264 1107 2317 ut
1127 2263 1234 2317 tamen
1254 2257 1298 2316 in·

289 2359 393 2421 terdiu
406 2380 638 2440 nonnumquam
651 2353 684 2420 in
696 2362 763 2422 iure
774 2363 907 2422 dicendo
919 2363 1170 2440 obdormisceret,
1180 2365 1297 2443 vixque

245 2467 329 2529 anab
346 2465 506 2526 advocatis
524 2467 563 2525 de
582 2465 741 2525 industria
759 2483 866 2523 vocem
888 2463 1075 2538 augentibus
1097 2461 1295 2522 excitaretur.

291 2617 297 2630 .
321 2617 327 2630 .
351 2617 357 2630 .
381 2571 492 2630 Aleam
522 2571 751 2630 studiosissime
779 2569 872 2644 lusit;
907 2569 945 2627 de
973 2566 1062 2627 cuius
1090 2573 1158 2628 arte
1183 2567 1296 2626 librum

197 2687 199 2690 '
290 2695 414 2754 quoque
439 2663 560 2751 emisit3
595 2675 706 2735 solitus
733 2675 828 2734 etiam
853 2674 887 2732 in
912 2673 1086 2748 gestatione
1110 2672 1227 2746 ludere,
1253 2672 1299 2730 ita

290 2783 401 2842 essedo
415 2780 565 2858 alveoque
580 2780 738 2858 adaptatis
752 2799 792 2839 ne
806 2779 895 2839 lusus
909 2779 1163 2838 confunderetur.

332 2885 466 2946 Saevum
486 2892 518 2946 et
539 2886 775 2962 sanguinarium
797 2890 911 2944 natura
932 2883 1040 2959 fuisse,
1063 2882 1186 2959 magnis
1208 2883 1299 2942 mini·
1314 2897 1351 2947 34

245 3011 275 3058 as
290 2991 414 3069 misque
433 2992 580 3069 apparuit
597 2992 697 3051 rebus.
740 2993 910 3050 Tormenta
931 2989 1152 3067 quaestionum
1172 3007 1299 3066 poenas-

518 3117 577 3174 que
588 3097 817 3175 parricidarum
828 3094 1083 3174 repraesentabat
1092 3093 1299 3171 exigebatque

292 3177 453 3312 {ffiffl
519 3222 630 3262 coram.
688 3202 764 3264 Cum
795 3207 937 3280 spectare
964 3199 1088 3277 antiqui
1109 3198 1204 3259 moris
1231 3218 1300 3276 sup

520 3308 649 3386 plicium
671 3307 781 3368 Tiburi
803 3306 1010 3384 concupisset,
1038 3311 1072 3374 et
1091 3304 1237 3381 deligatis
1259 3303 1300 3364 ad

292 3412 398 3491 palum
414 3413 518 3474 noxiis
534 3413 675 3473 carnifex
694 3413 825 3487 deesset,
843 3412 977 3489 accitum
992 3411 1032 3472 ab
1046 3411 1122 3471 urbe
1136 3428 1299 3487 vesperam

248 3541 276 3586 30
292 3537 391 3596 usque
427 3517 565 3596 opperiri
598 3518 821 3596 perseveravit.
876 3518 1078 3594 Quocumque
1113 3514 1300 3591 gladiatorio

293 3643 429 3699 munere,
446 3623 496 3682 vel
512 3641 567 3682 suo
581 3623 632 3682 vel
647 3623 757 3698 alieno,
774 3622 869 3683 etiam
883 3623 968 3682 forte
982 3621 1146 3699 prolapsos
1165 3619 1301 3696 iugulari

293 3728 429 3804 iubebat,
445 3727 580 3788 maxime
595 3727 747 3803 retiarios,
762 3735 799 3787 ut
818 3727 1030 3805 expirantium
1051 3726 1149 3786 iacies
1168 3724 1298 3786 videret.

290 741 421 800 Banquets
