3078 4380
519 280 631 350 niara
653 298 702 350 rv.
757 299 788 350 c.
813 299 1010 351 caricum.
1225 289 1267 352 43

261 480 316 534 aut
337 473 448 548 filium,
468 471 559 550 quasi
580 472 673 550 plane
695 471 742 531 ita
762 490 888 532 necesse
910 477 1003 548 esset,
1023 471 1119 532 etiam
1140 492 1267 548 aegrum

262 578 484 640 Germanicum
506 575 701 652 gravissimis
723 576 888 636 verborum
910 595 946 636 ac
967 596 1070 636 rerum
1092 577 1268 638 acerbitati-

262 684 319 744 bus
341 683 430 742 nullo
455 681 596 742 adhibito
621 682 712 741 modo
734 681 869 757 adfecit3
892 687 1020 759 propter·
1041 701 1130 758 quae,
1152 689 1188 742 ut
1208 685 1268 744 Ro

261 808 345 849 mam
366 788 470 863 rediit,
486 805 585 865 paene
607 786 784 864 discerptus
803 805 822 846 a
841 786 1000 864 popu10‚a
1020 794 1131 847 senatu
1152 790 1266 867 capitis

230 893 429 959 adamnatus
458 897 515 952 est.
572 891 687 951 Omnes
722 891 909 951 Germanico
939 893 1076 970 corporis
1108 893 1298 970 animiqueo

262 999 404 1073 virtutes,
420 1002 451 1056 et
477 1002 611 1073 quantas
630 995 750 1055 nemini
774 996 929 1073 cuiquam,
945 997 1041 1056 conti-

262 1103 343 1179 gisse
359 1103 436 1164 satis
451 1107 590 1162 constat:
614 1102 748 1161 formam
768 1108 800 1162 et
821 1102 1040 1162 fortitudinem

261 1209 426 1286 egregiam,
449 1207 611 1282 ingenium
632 1206 666 1265 in
687 1213 820 1283 utroque
843 1207 1040 1284 eloquentiae

261 1313 483 1390 doctrinaeque
505 1331 616 1388 genere
638 1312 839 1390 praecellens,
861 1312 1111 1374 benevolentiam
1132 1316 1267 1393 singula·

260 1437 335 1494 rem,
363 1416 639 1493 conciliandaeque
667 1417 830 1476 hominum
858 1419 978 1494 gratiae
1005 1438 1042 1480 ac
1069 1423 1265 1498 promerendi
1283 1436 1312 1480 10

260 1524 374 1584 amoris
395 1523 510 1583 mirum
532 1528 564 1582 et
586 1522 694 1582 efficax
717 1523 865 1583 studium.
919 1525 1050 1584 Formae
1071 1525 1176 1586 minus
1199 1545 1267 1586 eon-

260 1629 389 1705 gruebat
404 1629 564 1706 gracilitas
580 1647 712 1702 crurum,
724 1629 778 1688 sed
792 1647 829 1687 ea
839 1647 963 1706 quoque
978 1629 1132 1707 paulatim
1145 1631 1266 1708 repleta
1324 1615 1326 1621 ¹

260 1735 387 1794 assidua
404 1733 477 1811 equi
494 1733 670 1800 vectatione
690 1740 762 1812 post
781 1734 894 1793 cibum.
938 1735 1072 1794 Hostem
1092 1737 1265 1797 comminus

260 1859 352 1916 saepe
367 1839 530 1917 percussit.
576 1839 687 1899 Oravit
701 1859 811 1900 causas
823 1841 918 1900 etiam
930 1839 1147 1918 triumphalis;
1170 1839 1280 1919 atque

260 1943 342 2004 inter
356 1950 460 2004 cetera
480 1944 656 2005 studiorum
675 1945 869 2004 monimenta
887 1945 1016 2022 reliquit
1037 1952 1069 2005 et
1089 1948 1265 2008 comoedias
1282 1964 1311 2009 15

260 2051 403 2110 Graecas.
439 2051 534 2110 Domi
545 2051 685 2128 forisque
696 2051 809 2125 civilis,
821 2050 921 2110 libera
930 2069 967 2111 ac
978 2051 1140 2112 foederata
1150 2053 1266 2130 oppida

259 2156 326 2216 sine
341 2156 505 2216 lictoribus
519 2157 633 2217 adibat.
679 2157 785 2216 Sicubi
801 2156 953 2216 clarorum
969 2157 1108 2216 virorum
1123 2158 1266 2235 sepulcra

259 2243 466 2338 cognosceret,
493 2265 623 2324 inferias
649 2264 797 2324 Manibus
822 2262 926 2322 dabat.
983 2263 1152 2322 Caesorum
1176 2262 1265 2322 clade

258 2368 397 2429 Variana
410 2375 532 2430 veteres
547 2389 583 2430 ac
598 2371 755 2448 dispersas
774 2368 923 2445 reliquias
940 2387 1004 2426 uno
1020 2368 1142 2426 tumulo
1159 2367 1266 2428 huma

258 2483 358 2549 turus7
369 2474 515 2551 colligere
530 2495 587 2536 sua
600 2495 695 2535 manu
710 2480 741 2534 et
757 2480 949 2552 comportare
964 2473 1084 2550 primus
1099 2473 1265 2548 adgressus
1281 2494 1311 2538 ao

259 2588 315 2642 est.
373 2582 642 2642 Obtrectatoribus
671 2583 776 2657 etiam,
806 2581 1048 2658 qualescumque
1077 2586 1109 2640 et
1137 2585 1265 2656 quanta

259 2706 391 2765 cumque
413 2689 451 2746 de
472 2706 566 2748 causa
586 2694 719 2748 nanctus
741 2693 832 2760 esset,
852 2685 934 2745 lenis
956 2686 1033 2744 adeo
1054 2690 1086 2744 et
1106 2685 1263 2761 innoxius,

258 2801 295 2854 ut
318 2793 428 2855 Pisoni
453 2795 578 2855 decreta
600 2815 656 2855 sua
676 2794 877 2868 rescindenti‚
903 2793 1067 2853 clientelas
1092 2791 1263 2868 divexanti,

259 2922 321 2961 non
342 2901 430 2980 prius
451 2922 631 2963 suscensere
652 2905 684 2962 in
708 2903 845 2963 animum
868 2901 1038 2975 induxerit,
1060 2919 1153 2977 quam
1176 2917 1265 2959 vene·

259 3007 339 3068 ficiis
360 3027 483 3085 quoque
503 3014 535 3068 et
553 3009 773 3069 devotionibus
793 3007 970 3086 impugnari
990 3025 1023 3067 se
1042 3006 1263 3084 comperisset3
1281 3023 1310 3068 25

260 3131 295 3172 ac
313 3133 352 3173 ne
371 3118 447 3173 tunc
467 3115 595 3191 quidem
613 3115 698 3175 ultra
717 3133 908 3192 progressus,
924 3132 1017 3190 quam
1037 3117 1074 3171 ut
1093 3111 1264 3171 amicitiam
1311 3147 1314 3153 ·

260 3217 289 3276 ei
313 3237 398 3278 more
427 3219 578 3279 maiorum
600 3220 802 3280 ¹renuntiaret
830 3219 1056 3294 mandaretque
1084 3217 1264 3276 domesticis

228 3323 421 3396 4ultionem,
438 3323 464 3383 si
480 3325 557 3400 quid
572 3325 632 3385 sibi
652 3324 814 3384 accideret.
858 3323 996 3394 Quarum
1010 3322 1166 3393 virtutum
1185 3322 1267 3382 fruc·

259 3433 328 3487 tum
343 3429 534 3488 uberrimum
548 3429 632 3503 tulit
644 3429 689 3489 sic
700 3430 849 3506 probatus
861 3435 894 3488 et
905 3428 1039 3488 dilectus

261 3551 279 3591 a
294 3533 368 3608 suis,
383 3539 419 3593 ut
434 3535 605 3610 Augustus,
624 3534 750 3613 (omitto
769 3534 852 3595 enim
871 3534 1040 3594 necessitu-

261 3637 349 3698 dines
364 3639 516 3720 reliquas)
533 3640 588 3698 diu
601 3645 767 3699 cunctatus
781 3659 821 3699 an
838 3639 898 3698 sibi
910 3657 1118 3699 successorem
1132 3637 1267 3697 destina

261 3750 317 3816 ret,
339 3743 553 3821 adoptandum
573 3743 699 3804 Tiberio
721 3744 859 3819 dederit3
890 3743 934 3803 sic
956 3743 1052 3820 vulgo
1072 3740 1265 3815 favorabilis,

1066 1079 1112 1126 His
1123 1080 1193 1126 noble

1066 1155 1186 1213 qualitics

1065 3492 1111 3538 His
1119 3491 1266 3551 popularity
1282 3553 1312 3598 30
