3106 4378
295 283 337 349 82
372 296 401 351 c.
424 297 581 351 suarem
603 300 832 364 mansuram
855 301 905 352 ua
929 302 1020 352 rma
1044 302 1246 354 crassatur

293 471 494 548 potissimum
519 473 559 532 ad
583 492 616 533 se
641 473 772 533 missurn
794 475 884 551 quasi
905 475 946 533 ad
967 493 1098 552 puerum
1119 475 1300 552 regendum,

293 578 370 636 adeo
384 586 421 636 ut
432 596 494 636 non
503 577 673 652 defuerint,
686 578 741 655 qui
751 579 913 638 traderent
925 579 1166 656 praecipitatum
1178 598 1301 657 quoque

293 682 327 740 in
346 681 472 758 flumen,
494 683 575 743 siout
597 683 733 742 vestitus
753 683 932 744 advenerat.
976 683 1083 761 Atque
1102 703 1141 744 ex
1162 703 1198 744 eo
1215 704 1302 744 num-

293 806 387 865 quam
401 807 462 848 non
483 788 516 846 in
537 794 649 848 senatu
668 788 860 848 novissimus
879 788 1090 849 consularium
1111 790 1300 851 sententiam

261 902 276 946 c
293 892 385 968 dixit,
400 893 590 970 ignominiae
609 912 703 954 causa
716 899 789 972 post
808 895 910 954 omnis
930 886 1151 972 interrogalus.
1194 895 1300 955 Etiam

293 998 429 1074 cognitio
442 998 518 1059 falsi
535 998 717 1058 testamenti
732 1005 858 1077 recepta
872 1005 928 1073 est,
944 999 978 1058 iu
995 1019 1058 1077 quo
1072 1005 1104 1060 et
1118 1000 1186 1078 ipse
1201 1001 1302 1076 signa

292 1109 389 1163 verat.
431 1105 595 1164 Postremo
612 1105 798 1164 sestertium
824 1104 960 1180 octogies
985 1125 1042 1183 pro
1066 1105 1199 1166 introitu
1226 1107 1300 1166 novi

293 1209 459 1270 sacerdotii
477 1215 601 1270 coactus
616 1210 806 1288 impendere,
823 1210 863 1270 ad
877 1229 930 1271 eas
944 1211 990 1269 rei
1008 1211 1176 1271 familiaris
1191 1231 1300 1288 angus-

291 1314 353 1374 tias
368 1314 495 1390 decidit,
510 1320 547 1374 ut
560 1334 631 1375 cum
651 1315 822 1391 obligatam
837 1315 957 1375 aerario
975 1315 1071 1374 fidem
1085 1316 1218 1377 liberare
1237 1336 1300 1377 non

247 1435 276 1481 10
291 1424 407 1498 posset,
429 1420 463 1478 in
487 1439 619 1480 vacuum
641 1421 710 1497 lege
732 1421 943 1499 praediatoria
967 1421 1089 1481 venalis
1114 1423 1300 1500 pependerit

518 1526 577 1586 sub
598 1526 702 1585 edicto
717 1526 956 1605 praefectorum.
1000 1528 1061 1585 Per
1081 1527 1158 1587 haec
1172 1547 1208 1588 ac
1222 1528 1300 1588 talia
1314 1537 1352 1587 10

517 1631 656 1691 maxima
678 1631 791 1691 aetatis
814 1637 903 1709 parte
924 1637 1093 1707 transacta,
1110 1633 1299 1710 quinquage-

263 1758 266 1770 ·
292 1739 371 1800 simo
382 1737 736 1816 aunoimperinmccpit
748 1737 952 1813 quantumvis
964 1737 1102 1796 mirabili
1113 1755 1196 1797 casu.
1239 1740 1300 1797 Ex-

291 1845 397 1905 clusus
425 1844 509 1903 inter
536 1848 655 1902 ceteros
680 1841 720 1901 ab
744 1841 983 1901 insidiatoribus
1010 1841 1079 1916 Gai,
1105 1861 1185 1918 oum,
1207 1845 1299 1920 quasi

246 1964 274 2010 15
290 1955 445 2011 secretum
456 1967 493 2009 eo
504 1948 711 2021 desiderante,
722 1946 846 2006 turbam
862 1947 1092 2022 submoverent,
1103 1948 1137 2006 in
1151 1947 1297 2023 diaetam,

289 2056 340 2115 cui
360 2074 475 2115 nornen
493 2059 542 2115 cst
557 2054 757 2127 Hermaeum,
781 2058 967 2128 recesserat;
987 2070 1089 2130 neque
1108 2053 1208 2113 multo
1226 2059 1298 2132 post

289 2179 412 2221 rumore
424 2160 528 2221 caedis
543 2158 721 2231 exterritus,
733 2157 891 2235 prorepsit
902 2157 943 2218 ad
958 2157 1106 2218 solarium
1121 2158 1297 2238 proximum

289 2266 433 2350 interque
454 2269 630 2344 praetenta
646 2263 769 2322 foribus
794 2262 865 2322 vela
890 2281 923 2323 se
948 2263 1079 2323 abdidit.
1131 2264 1297 2324 Latentem

289 2372 468 2432 discurrens
482 2371 564 2430 forte
584 2368 744 2445 gregarius
762 2367 863 2442 miles,
879 2368 1106 2430 animadversis
1121 2369 1263 2446 pedibus,
1280 2388 1296 2427 e

244 2493 273 2539 20
290 2477 396 2538 studio
414 2475 595 2537 sciscitandi
614 2473 758 2551 quisnam
775 2480 868 2549 esset,
884 2474 1044 2549 adgnovit,
1060 2479 1296 2553 extractumque

289 2589 321 2642 et
335 2601 409 2660 prae
424 2587 510 2640 metu
527 2581 568 2640 ad
582 2597 684 2656 genua
697 2578 758 2638 sibi
773 2579 967 2638 accidentem
982 2578 1202 2657 imperatorem
1217 2579 1297 2640 salu-

288 2688 377 2749 tavit.
421 2687 507 2746 Hinc
526 2687 566 2746 ad
586 2684 664 2745 alios
684 2684 914 2745 commilitones
933 2684 1118 2746 fluctuantis
1137 2705 1194 2746 neo
1214 2687 1296 2764 quic

289 2813 384 2872 quam
405 2792 507 2852 adhuc
527 2809 621 2868 quam
641 2790 806 2850 frementis
826 2791 983 2869 perduxit.
1027 2792 1079 2851 Ab
1097 2793 1147 2853 his
1167 2793 1295 2852 lecticae

288 2899 455 2977 impositus
470 2903 511 2971 et,
523 2897 599 2973 quia
614 2896 662 2956 sui
678 2896 879 2972 diffugerant,
896 2898 1034 2958 vicissim
1052 2899 1295 2959 succollantibus

242 3021 271 3067 25
287 3005 322 3064 in
339 3009 443 3064 castra
456 3001 580 3062 delatus
601 3006 649 3060 cst
666 3002 768 3061 tristis
788 3021 825 3062 ac
846 3004 998 3080 trepidus,
1014 3005 1184 3065 miserante
1203 3005 1296 3076 obvia

287 3110 381 3170 turba
394 3109 485 3187 quasi
500 3108 541 3167 ad
555 3127 686 3185 poenam
703 3115 864 3186 raperetur
879 3109 995 3169 insons.
1038 3111 1197 3188 Receptus
1211 3111 1296 3171 intra
1392 3175 1395 3180 ,

287 3215 415 3290 vallum,
444 3215 527 3273 inter
555 3215 703 3274 excubias
733 3215 871 3274 militum
898 3216 1104 3294 pernoctavit,
1133 3217 1295 3294 aliquanto

288 3322 406 3380 minore
427 3339 482 3397 spe
502 3340 596 3397 quam
617 3320 738 3380 fiducia.
781 3321 864 3380 Nam
884 3321 1026 3382 consules
1047 3340 1118 3381 cum
1133 3328 1245 3382 senatu
1263 3327 1295 3381 et

287 3426 467 3487 cohortibus
496 3427 624 3487 urbanis
650 3426 754 3485 forum
779 3425 1032 3505 Capitoliumque
1057 3434 1294 3506 occupaverant,

242 3545 271 3590 ac
287 3534 437 3594 asserturi
459 3550 655 3593 communem
677 3531 872 3606 libertatem3
895 3531 1077 3609 accitusque
1098 3538 1130 3592 et
1151 3533 1218 3610 ipse
1240 3553 1295 3611 per

287 3642 430 3702 tribunos
453 3637 609 3716 plebisin
628 3636 747 3695 curiam
768 3636 808 3696 ad
826 3637 988 3697 suadenda
1005 3656 1084 3715 quae
1103 3639 1294 3713 viderentur,

287 3752 361 3808 oisc
376 3756 403 3806 et
414 3747 585 3805 uecessdatc
600 3744 695 3801 teneri
705 3741 877 3818 respondit.
920 3743 1036 3802 Verum
1052 3748 1178 3820 postero
1192 3744 1253 3819 die,
1263 3749 1294 3803 et

291 1591 428 1639 Accusator
