<?xml version="1.0" encoding="UTF-8"?>
<!DOCTYPE html PUBLIC "-//W3C//DTD XHTML 1.0 Transitional//EN"
    "http://www.w3.org/TR/xhtml1/DTD/xhtml1-transitional.dtd">
<html xmlns="http://www.w3.org/1999/xhtml" xml:lang="en" lang="en">
 <head>
  <title>
</title>
<meta http-equiv="Content-Type" content="text/html;charset=utf-8" />
  <meta name='ocr-system' content='tesseract 3.04.00' />
  <meta name='ocr-capabilities' content='ocr_page ocr_carea ocr_par ocr_line ocrx_word'/>
</head>
<body>
  <div class='ocr_page' id='page_1' title='image "./gaisuetonitranq01pikegoog_0034.png"; bbox 0 0 3078 4380; ppageno 0'>
   <div class='ocr_carea' id='block_1_1' title="bbox 270 281 1219 356">
    <p class='ocr_par' dir='ltr' id='par_1_1' title="bbox 270 281 1219 356">
     <span class='ocr_line' id='line_1_1' title="bbox 270 281 1219 356; baseline 0.001 -9"><span class='ocrx_word' id='word_1_1' title='bbox 270 281 291 347; x_wconf 72' lang='lat'><strong>2</strong></span> <span class='ocrx_word' id='word_1_2' title='bbox 346 292 377 346; x_wconf 81' lang='lat' dir='ltr'><strong>O.</strong></span> <span class='ocrx_word' id='word_1_3' title='bbox 400 293 556 346; x_wconf 83' lang='lat' dir='ltr'>SUETONI</span> <span class='ocrx_word' id='word_1_4' title='bbox 579 292 807 356; x_wconf 76' lang='lat' dir='ltr'><strong>TRANQumLI</strong></span> <span class='ocrx_word' id='word_1_5' title='bbox 829 293 879 344; x_wconf 81' lang='lat' dir='ltr'><strong>Du</strong></span> <span class='ocrx_word' id='word_1_6' title='bbox 902 295 992 345; x_wconf 82' lang='lat' dir='ltr'><strong>ver</strong></span> <span class='ocrx_word' id='word_1_7' title='bbox 1014 295 1219 348; x_wconf 79' lang='lat' dir='ltr'>CAESARUM</span> 
     </span>
    </p>
   </div>
   <div class='ocr_carea' id='block_1_2' title="bbox 269 465 1274 653">
    <p class='ocr_par' dir='ltr' id='par_1_2' title="bbox 269 465 1274 653">
     <span class='ocr_line' id='line_1_2' title="bbox 269 465 1273 546; baseline 0.006 -20"><span class='ocrx_word' id='word_1_8' title='bbox 269 467 438 546; x_wconf 85' lang='lat' dir='ltr'><strong>praecipua</strong></span> <span class='ocrx_word' id='word_1_9' title='bbox 457 485 703 542; x_wconf 78' lang='lat' dir='ltr'><strong>commemorem,</strong></span> <span class='ocrx_word' id='word_1_10' title='bbox 719 465 842 544; x_wconf 88' lang='lat' dir='ltr'><strong>Appius</strong></span> <span class='ocrx_word' id='word_1_11' title='bbox 861 467 978 528; x_wconf 84' lang='lat' dir='ltr'><strong>Caecus</strong></span> <span class='ocrx_word' id='word_1_12' title='bbox 999 469 1180 530; x_wconf 86' lang='lat' dir='ltr'><strong>societatem</strong></span> <span class='ocrx_word' id='word_1_13' title='bbox 1202 489 1273 532; x_wconf 88' lang='lat' dir='ltr'><strong>eum</strong></span> 
     </span>
     <span class='ocr_line' id='line_1_3' title="bbox 269 571 1274 653; baseline 0.004 -20"><span class='ocrx_word' id='word_1_14' title='bbox 269 592 341 650; x_wconf 85' lang='lat' dir='ltr'><strong>rege</strong></span> <span class='ocrx_word' id='word_1_15' title='bbox 355 573 479 653; x_wconf 86' lang='lat' dir='ltr'><strong>Pyrrho</strong></span> <span class='ocrx_word' id='word_1_16' title='bbox 488 578 524 632; x_wconf 92' lang='lat' dir='ltr'><strong>ut</strong></span> <span class='ocrx_word' id='word_1_17' title='bbox 539 591 649 650; x_wconf 89' lang='lat' dir='ltr'><strong>parum</strong></span> <span class='ocrx_word' id='word_1_18' title='bbox 665 571 819 632; x_wconf 81' lang='lat' dir='ltr'><strong>salubrem</strong></span> <span class='ocrx_word' id='word_1_19' title='bbox 835 572 909 632; x_wconf 93' lang='lat' dir='ltr'><strong>iniri</strong></span> <span class='ocrx_word' id='word_1_20' title='bbox 924 573 1083 635; x_wconf 83' lang='lat' dir='ltr'><strong>dissuasit.</strong></span> <span class='ocrx_word' id='word_1_21' title='bbox 1123 575 1274 638; x_wconf 83' lang='lat' dir='ltr'><strong>Claudius</strong></span> 
     </span>
    </p>
   </div>
   <div class='ocr_carea' id='block_1_3' title="bbox 174 678 1282 3822">
    <p class='ocr_par' dir='ltr' id='par_1_3' title="bbox 174 678 1282 3822">
     <span class='ocr_line' id='line_1_4' title="bbox 270 678 1273 778; baseline 0.005 -39"><span class='ocrx_word' id='word_1_22' title='bbox 270 731 465 778; x_wconf 47' lang='lat' dir='ltr'><strong>mmmmm</strong></span> <span class='ocrx_word' id='word_1_23' title='bbox 497 679 625 740; x_wconf 81' lang='lat' dir='ltr'><strong>Caudex</strong></span> <span class='ocrx_word' id='word_1_24' title='bbox 641 678 762 756; x_wconf 90' lang='lat' dir='ltr'><strong>primus</strong></span> <span class='ocrx_word' id='word_1_25' title='bbox 779 678 863 738; x_wconf 87' lang='lat' dir='ltr'><strong>freto</strong></span> <span class='ocrx_word' id='word_1_26' title='bbox 882 679 982 740; x_wconf 91' lang='lat' dir='ltr'><strong>classe</strong></span> <span class='ocrx_word' id='word_1_27' title='bbox 1001 681 1132 742; x_wconf 86' lang='lat' dir='ltr'><strong>traiecto</strong></span> <span class='ocrx_word' id='word_1_28' title='bbox 1151 684 1273 744; x_wconf 90' lang='lat' dir='ltr'><strong>Poenos</strong></span> 
     </span>
     <span class='ocr_line' id='line_1_5' title="bbox 270 784 1273 863; baseline 0.003 -18"><span class='ocrx_word' id='word_1_29' title='bbox 270 807 455 854; x_wconf 67' lang='lat' dir='ltr'><strong>adminuessa</strong></span> <span class='ocrx_word' id='word_1_30' title='bbox 497 785 607 845; x_wconf 85' lang='lat' dir='ltr'><strong>Sicilia</strong></span> <span class='ocrx_word' id='word_1_31' title='bbox 627 784 757 863; x_wconf 82' lang='lat' dir='ltr'><strong>expulit.</strong></span> <span class='ocrx_word' id='word_1_32' title='bbox 810 786 878 845; x_wconf 82' lang='lat' dir='ltr'><strong>Tib.</strong></span> <span class='ocrx_word' id='word_1_33' title='bbox 894 787 980 846; x_wconf 88' lang='lat' dir='ltr'><strong>Nero</strong></span> <span class='ocrx_word' id='word_1_34' title='bbox 994 788 1215 848; x_wconf 89' lang='lat' dir='ltr'><strong>advenientem</strong></span> <span class='ocrx_word' id='word_1_35' title='bbox 1234 807 1273 848; x_wconf 89' lang='lat' dir='ltr'><strong>ex</strong></span> 
     </span>
     <span class='ocr_line' id='line_1_6' title="bbox 238 879 1274 1002; baseline 0.001 -48"><span class='ocrx_word' id='word_1_36' title='bbox 238 879 429 1002; x_wconf 48' lang='lat' dir='ltr'><strong>eggffi‘m&#39;</strong></span> <span class='ocrx_word' id='word_1_37' title='bbox 496 891 655 970; x_wconf 83' lang='lat' dir='ltr'><strong>Hispania</strong></span> <span class='ocrx_word' id='word_1_38' title='bbox 676 910 747 950; x_wconf 89' lang='lat' dir='ltr'><strong>eum</strong></span> <span class='ocrx_word' id='word_1_39' title='bbox 769 891 953 968; x_wconf 80' lang='lat' dir='ltr'><strong>ingentibus</strong></span> <span class='ocrx_word' id='word_1_40' title='bbox 971 892 1070 971; x_wconf 91' lang='lat' dir='ltr'><strong>copiis</strong></span> <span class='ocrx_word' id='word_1_41' title='bbox 1095 895 1274 955; x_wconf 76' lang='lat' dir='ltr'><strong>Hasdruba</strong></span> 
     </span>
     <span class='ocr_line' id='line_1_7' title="bbox 495 997 1272 1076; baseline 0.005 -20"><span class='ocrx_word' id='word_1_42' title='bbox 495 997 1272 1076; x_wconf 83' lang='lat' dir='ltr'><strong>lem,priusquamAunibalifratriconiungeretur,</strong></span> 
     </span>
     <span class='ocr_line' id='line_1_8' title="bbox 270 1102 1273 1183; baseline 0.001 -19"><span class='ocrx_word' id='word_1_43' title='bbox 270 1105 435 1183; x_wconf 84' lang='lat' dir='ltr'><strong>oppressit.</strong></span> <span class='ocrx_word' id='word_1_44' title='bbox 472 1104 589 1164; x_wconf 82' lang='lat' dir='ltr'><strong>Contra</strong></span> <span class='ocrx_word' id='word_1_45' title='bbox 600 1102 751 1164; x_wconf 84' lang='lat' dir='ltr'><strong>Claudius</strong></span> <span class='ocrx_word' id='word_1_46' title='bbox 762 1103 970 1180; x_wconf 79' lang='lat' dir='ltr'><strong>Regillianus,</strong></span> <span class='ocrx_word' id='word_1_47' title='bbox 983 1105 1140 1165; x_wconf 87' lang='lat' dir='ltr'><strong>decemvir</strong></span> <span class='ocrx_word' id='word_1_48' title='bbox 1151 1106 1273 1180; x_wconf 88' lang='lat' dir='ltr'><strong>legibus</strong></span> 
     </span>
     <span class='ocr_line' id='line_1_9' title="bbox 270 1208 1274 1288; baseline 0.001 -18"><span class='ocrx_word' id='word_1_49' title='bbox 270 1210 452 1285; x_wconf 85' lang='lat' dir='ltr'><strong>scribendis,</strong></span> <span class='ocrx_word' id='word_1_50' title='bbox 472 1208 626 1286; x_wconf 85' lang='lat' dir='ltr'><strong>virginem</strong></span> <span class='ocrx_word' id='word_1_51' title='bbox 652 1210 820 1286; x_wconf 85' lang='lat' dir='ltr'><strong>ingenuam</strong></span> <span class='ocrx_word' id='word_1_52' title='bbox 845 1211 987 1287; x_wconf 87' lang='lat' dir='ltr'><strong>pervim</strong></span> <span class='ocrx_word' id='word_1_53' title='bbox 1008 1210 1152 1271; x_wconf 90' lang='lat' dir='ltr'><strong>libidinis</strong></span> <span class='ocrx_word' id='word_1_54' title='bbox 1174 1211 1274 1288; x_wconf 86' lang='lat' dir='ltr'><strong>gratia</strong></span> 
     </span>
     <span class='ocr_line' id='line_1_10' title="bbox 269 1315 1274 1394; baseline 0.002 -20"><span class='ocrx_word' id='word_1_55' title='bbox 269 1316 303 1374; x_wconf 91' lang='lat' dir='ltr'><strong>in</strong></span> <span class='ocrx_word' id='word_1_56' title='bbox 318 1315 502 1376; x_wconf 88' lang='lat' dir='ltr'><strong>servitutem</strong></span> <span class='ocrx_word' id='word_1_57' title='bbox 518 1333 655 1375; x_wconf 87' lang='lat' dir='ltr'><strong>asserere</strong></span> <span class='ocrx_word' id='word_1_58' title='bbox 669 1319 809 1391; x_wconf 80' lang='lat' dir='ltr'><strong>conatus,</strong></span> <span class='ocrx_word' id='word_1_59' title='bbox 823 1334 917 1376; x_wconf 86' lang='lat' dir='ltr'><strong>causa</strong></span> <span class='ocrx_word' id='word_1_60' title='bbox 930 1316 1015 1394; x_wconf 91' lang='lat' dir='ltr'><strong>plebi</strong></span> <span class='ocrx_word' id='word_1_61' title='bbox 1029 1317 1095 1376; x_wconf 87' lang='lat' dir='ltr'><strong>fuit</strong></span> <span class='ocrx_word' id='word_1_62' title='bbox 1108 1317 1274 1377; x_wconf 88' lang='lat' dir='ltr'><strong>secedendi</strong></span> 
     </span>
     <span class='ocr_line' id='line_1_11' title="bbox 225 1420 1275 1499; baseline 0 -17"><span class='ocrx_word' id='word_1_63' title='bbox 225 1439 254 1484; x_wconf 89' lang='lat'><strong>10</strong></span> <span class='ocrx_word' id='word_1_64' title='bbox 270 1441 377 1481; x_wconf 90' lang='lat' dir='ltr'><strong>rursus</strong></span> <span class='ocrx_word' id='word_1_65' title='bbox 398 1440 418 1480; x_wconf 88' lang='lat' dir='ltr'><strong>a</strong></span> <span class='ocrx_word' id='word_1_66' title='bbox 437 1421 588 1499; x_wconf 81' lang='lat' dir='ltr'><strong>patribus</strong></span> <span class='ocrx_word' id='word_1_67' title='bbox 631 1420 782 1481; x_wconf 81' lang='lat' dir='ltr'><strong>Claudius</strong></span> <span class='ocrx_word' id='word_1_68' title='bbox 804 1422 937 1497; x_wconf 85' lang='lat' dir='ltr'><strong>Drusus,</strong></span> <span class='ocrx_word' id='word_1_69' title='bbox 960 1427 1066 1482; x_wconf 89' lang='lat' dir='ltr'><strong>statua</strong></span> <span class='ocrx_word' id='word_1_70' title='bbox 1087 1421 1148 1482; x_wconf 89' lang='lat' dir='ltr'><strong>sibi</strong></span> <span class='ocrx_word' id='word_1_71' title='bbox 1172 1423 1275 1482; x_wconf 82' lang='lat' dir='ltr'><strong>diade</strong></span> 
     </span>
     <span class='ocr_line' id='line_1_12' title="bbox 269 1527 1274 1604; baseline 0.002 -19"><span class='ocrx_word' id='word_1_72' title='bbox 269 1532 356 1587; x_wconf 88' lang='lat' dir='ltr'><strong>mata</strong></span> <span class='ocrx_word' id='word_1_73' title='bbox 382 1527 423 1587; x_wconf 89' lang='lat' dir='ltr'><strong>ad</strong></span> <span class='ocrx_word' id='word_1_74' title='bbox 450 1527 536 1604; x_wconf 89' lang='lat' dir='ltr'><strong>Appi</strong></span> <span class='ocrx_word' id='word_1_75' title='bbox 564 1528 680 1586; x_wconf 84' lang='lat' dir='ltr'><strong>Forum</strong></span> <span class='ocrx_word' id='word_1_76' title='bbox 713 1527 826 1604; x_wconf 87' lang='lat' dir='ltr'><strong>posita,</strong></span> <span class='ocrx_word' id='word_1_77' title='bbox 862 1527 991 1586; x_wconf 81' lang='lat' dir='ltr'><strong>Italiam</strong></span> <span class='ocrx_word' id='word_1_78' title='bbox 1025 1546 1081 1604; x_wconf 90' lang='lat' dir='ltr'><strong>per</strong></span> <span class='ocrx_word' id='word_1_79' title='bbox 1111 1527 1274 1588; x_wconf 78' lang='lat' dir='ltr'><strong>clientelas</strong></span> 
     </span>
     <span class='ocr_line' id='line_1_13' title="bbox 270 1630 1274 1710; baseline 0.001 -18"><span class='ocrx_word' id='word_1_80' title='bbox 270 1650 421 1710; x_wconf 87' lang='lat' dir='ltr'><strong>occupare</strong></span> <span class='ocrx_word' id='word_1_81' title='bbox 443 1631 620 1710; x_wconf 67' lang='lat' dir='ltr'><strong>temptauit.</strong></span> <span class='ocrx_word' id='word_1_82' title='bbox 672 1630 822 1693; x_wconf 81' lang='lat' dir='ltr'><strong>Claudius</strong></span> <span class='ocrx_word' id='word_1_83' title='bbox 850 1632 987 1692; x_wconf 84' lang='lat' dir='ltr'><strong>Pulcher</strong></span> <span class='ocrx_word' id='word_1_84' title='bbox 1010 1634 1095 1710; x_wconf 91' lang='lat' dir='ltr'><strong>apud</strong></span> <span class='ocrx_word' id='word_1_85' title='bbox 1124 1632 1274 1709; x_wconf 82' lang='lat' dir='ltr'><strong>Siciliam,</strong></span> 
     </span>
     <span class='ocr_line' id='line_1_14' title="bbox 270 1737 1274 1816; baseline -0.001 -19"><span class='ocrx_word' id='word_1_86' title='bbox 270 1758 333 1798; x_wconf 91' lang='lat' dir='ltr'><strong>non</strong></span> <span class='ocrx_word' id='word_1_87' title='bbox 347 1737 549 1816; x_wconf 86' lang='lat' dir='ltr'><strong>pascentibus</strong></span> <span class='ocrx_word' id='word_1_88' title='bbox 564 1739 598 1796; x_wconf 90' lang='lat' dir='ltr'><strong>in</strong></span> <span class='ocrx_word' id='word_1_89' title='bbox 613 1738 805 1815; x_wconf 87' lang='lat' dir='ltr'><strong>auspicando</strong></span> <span class='ocrx_word' id='word_1_90' title='bbox 820 1737 917 1816; x_wconf 90' lang='lat' dir='ltr'><strong>pullis</strong></span> <span class='ocrx_word' id='word_1_91' title='bbox 934 1757 970 1798; x_wconf 88' lang='lat' dir='ltr'><strong>ac</strong></span> <span class='ocrx_word' id='word_1_92' title='bbox 987 1756 1044 1815; x_wconf 88' lang='lat' dir='ltr'><strong>per</strong></span> <span class='ocrx_word' id='word_1_93' title='bbox 1060 1744 1274 1816; x_wconf 82' lang='lat' dir='ltr'><strong>contemptum</strong></span> 
     </span>
     <span class='ocr_line' id='line_1_15' title="bbox 270 1843 1275 1920; baseline 0.001 -18"><span class='ocrx_word' id='word_1_94' title='bbox 270 1843 432 1919; x_wconf 85' lang='lat' dir='ltr'><strong>religionis</strong></span> <span class='ocrx_word' id='word_1_95' title='bbox 459 1843 539 1903; x_wconf 90' lang='lat' dir='ltr'><strong>mari</strong></span> <span class='ocrx_word' id='word_1_96' title='bbox 564 1843 724 1917; x_wconf 89' lang='lat' dir='ltr'><strong>demersis,</strong></span> <span class='ocrx_word' id='word_1_97' title='bbox 748 1843 839 1920; x_wconf 84' lang='lat' dir='ltr'><strong>quusi</strong></span> <span class='ocrx_word' id='word_1_98' title='bbox 862 1853 895 1902; x_wconf 82' lang='lat' dir='ltr'><strong>ut</strong></span> <span class='ocrx_word' id='word_1_99' title='bbox 917 1847 1047 1903; x_wconf 76' lang='lat' dir='ltr'><strong>biberent</strong></span> <span class='ocrx_word' id='word_1_100' title='bbox 1068 1845 1189 1919; x_wconf 75' lang='lat' dir='ltr'><strong>quaudo</strong></span> <span class='ocrx_word' id='word_1_101' title='bbox 1214 1863 1275 1903; x_wconf 87' lang='lat' dir='ltr'><strong>esse</strong></span> 
     </span>
     <span class='ocr_line' id='line_1_16' title="bbox 226 1948 1277 2027; baseline 0.002 -21"><span class='ocrx_word' id='word_1_102' title='bbox 226 1962 254 2006; x_wconf 87' lang='lat'><strong>15</strong></span> <span class='ocrx_word' id='word_1_103' title='bbox 269 1952 387 2024; x_wconf 75' lang='lat' dir='ltr'><strong>uellent,</strong></span> <span class='ocrx_word' id='word_1_104' title='bbox 409 1949 564 2026; x_wconf 89' lang='lat' dir='ltr'><strong>proelium</strong></span> <span class='ocrx_word' id='word_1_105' title='bbox 584 1949 696 2008; x_wconf 86' lang='lat' dir='ltr'><strong>navale</strong></span> <span class='ocrx_word' id='word_1_106' title='bbox 717 1948 806 2026; x_wconf 80' lang='lat' dir='ltr'><strong>iniit3</strong></span> <span class='ocrx_word' id='word_1_107' title='bbox 830 1954 1067 2027; x_wconf 87' lang='lat' dir='ltr'><strong>superatusque,</strong></span> <span class='ocrx_word' id='word_1_108' title='bbox 1088 1949 1160 2009; x_wconf 89' lang='lat' dir='ltr'><strong>cum</strong></span> <span class='ocrx_word' id='word_1_109' title='bbox 1181 1949 1277 2009; x_wconf 84' lang='lat' dir='ltr'><strong>dicta</strong></span> 
     </span>
     <span class='ocr_line' id='line_1_17' title="bbox 174 2053 1275 2131; baseline 0 -17"><span class='ocrx_word' id='word_1_110' title='bbox 174 2075 175 2078; x_wconf 45' lang='lat'>¹</span> <span class='ocrx_word' id='word_1_111' title='bbox 269 2060 370 2114; x_wconf 90' lang='lat' dir='ltr'><strong>torem</strong></span> <span class='ocrx_word' id='word_1_112' title='bbox 393 2055 495 2114; x_wconf 86' lang='lat' dir='ltr'><strong>dicere</strong></span> <span class='ocrx_word' id='word_1_113' title='bbox 517 2074 536 2114; x_wconf 90' lang='lat' dir='ltr'><strong>a</strong></span> <span class='ocrx_word' id='word_1_114' title='bbox 557 2059 668 2114; x_wconf 85' lang='lat' dir='ltr'><strong>senatu</strong></span> <span class='ocrx_word' id='word_1_115' title='bbox 690 2054 858 2131; x_wconf 86' lang='lat' dir='ltr'><strong>iuberetur,</strong></span> <span class='ocrx_word' id='word_1_116' title='bbox 881 2056 970 2114; x_wconf 85' lang='lat' dir='ltr'><strong>velut</strong></span> <span class='ocrx_word' id='word_1_117' title='bbox 995 2055 1108 2114; x_wconf 90' lang='lat' dir='ltr'><strong>iterum</strong></span> <span class='ocrx_word' id='word_1_118' title='bbox 1136 2053 1275 2114; x_wconf 90' lang='lat' dir='ltr'><strong>illudens</strong></span> 
     </span>
     <span class='ocr_line' id='line_1_18' title="bbox 270 2159 1118 2238; baseline 0.001 -19"><span class='ocrx_word' id='word_1_119' title='bbox 270 2161 446 2220; x_wconf 84' lang='lat' dir='ltr'><strong>discrimini</strong></span> <span class='ocrx_word' id='word_1_120' title='bbox 461 2159 595 2238; x_wconf 92' lang='lat' dir='ltr'><strong>publico,</strong></span> <span class='ocrx_word' id='word_1_121' title='bbox 612 2159 738 2220; x_wconf 82' lang='lat' dir='ltr'><strong>Glician</strong></span> <span class='ocrx_word' id='word_1_122' title='bbox 752 2159 905 2220; x_wconf 87' lang='lat' dir='ltr'><strong>viatorem</strong></span> <span class='ocrx_word' id='word_1_123' title='bbox 918 2180 1011 2220; x_wconf 89' lang='lat' dir='ltr'><strong>suum</strong></span> <span class='ocrx_word' id='word_1_124' title='bbox 1028 2161 1118 2220; x_wconf 88' lang='lat' dir='ltr'><strong>dixit.</strong></span> 
     </span>
     <span class='ocr_line' id='line_1_19' title="bbox 310 2265 1274 2350; baseline 0 -26"><span class='ocrx_word' id='word_1_125' title='bbox 310 2267 447 2326; x_wconf 83' lang='lat' dir='ltr'><strong>Exstant</strong></span> <span class='ocrx_word' id='word_1_126' title='bbox 462 2271 494 2325; x_wconf 90' lang='lat' dir='ltr'><strong>et</strong></span> <span class='ocrx_word' id='word_1_127' title='bbox 507 2266 698 2350; x_wconf 80' lang='lat' dir='ltr'><strong>feminarum</strong></span> <span class='ocrx_word' id='word_1_128' title='bbox 709 2265 853 2343; x_wconf 88' lang='lat' dir='ltr'><strong>exempla</strong></span> <span class='ocrx_word' id='word_1_129' title='bbox 863 2266 988 2326; x_wconf 87' lang='lat' dir='ltr'><strong>diversa</strong></span> <span class='ocrx_word' id='word_1_130' title='bbox 1002 2285 1108 2344; x_wconf 87' lang='lat' dir='ltr'><strong>aeque,</strong></span> <span class='ocrx_word' id='word_1_131' title='bbox 1121 2265 1274 2343; x_wconf 88' lang='lat' dir='ltr'><strong>siquidem</strong></span> 
     </span>
     <span class='ocr_line' id='line_1_20' title="bbox 271 2370 1275 2449; baseline -0.002 -18"><span class='ocrx_word' id='word_1_132' title='bbox 271 2372 373 2447; x_wconf 85' lang='lat' dir='ltr'><strong>gentis</strong></span> <span class='ocrx_word' id='word_1_133' title='bbox 391 2371 532 2431; x_wconf 90' lang='lat' dir='ltr'><strong>eiusdem</strong></span> <span class='ocrx_word' id='word_1_134' title='bbox 548 2377 681 2448; x_wconf 83' lang='lat' dir='ltr'><strong>utraque</strong></span> <span class='ocrx_word' id='word_1_135' title='bbox 698 2371 832 2431; x_wconf 84' lang='lat' dir='ltr'><strong>Claudia</strong></span> <span class='ocrx_word' id='word_1_136' title='bbox 848 2371 921 2446; x_wconf 83' lang='lat' dir='ltr'><strong>fuit,</strong></span> <span class='ocrx_word' id='word_1_137' title='bbox 936 2377 969 2431; x_wconf 87' lang='lat' dir='ltr'><strong>et</strong></span> <span class='ocrx_word' id='word_1_138' title='bbox 983 2391 1063 2449; x_wconf 92' lang='lat' dir='ltr'><strong>quae</strong></span> <span class='ocrx_word' id='word_1_139' title='bbox 1078 2370 1189 2431; x_wconf 85' lang='lat' dir='ltr'><strong>navem</strong></span> <span class='ocrx_word' id='word_1_140' title='bbox 1205 2391 1275 2430; x_wconf 92' lang='lat' dir='ltr'><strong>eum</strong></span> 
     </span>
     <span class='ocr_line' id='line_1_21' title="bbox 226 2476 1276 2537; baseline 0 -3"><span class='ocrx_word' id='word_1_141' title='bbox 226 2490 256 2534; x_wconf 81' lang='lat' dir='ltr'><strong>ao</strong></span> <span class='ocrx_word' id='word_1_142' title='bbox 271 2477 368 2537; x_wconf 86' lang='lat' dir='ltr'><strong>sacris</strong></span> <span class='ocrx_word' id='word_1_143' title='bbox 389 2476 503 2536; x_wconf 88' lang='lat' dir='ltr'><strong>Matris</strong></span> <span class='ocrx_word' id='word_1_144' title='bbox 526 2477 620 2536; x_wconf 89' lang='lat' dir='ltr'><strong>deum</strong></span> <span class='ocrx_word' id='word_1_145' title='bbox 642 2477 756 2536; x_wconf 89' lang='lat' dir='ltr'><strong>Idaeae</strong></span> <span class='ocrx_word' id='word_1_146' title='bbox 784 2477 1003 2537; x_wconf 86' lang='lat' dir='ltr'><strong>obhaerentem</strong></span> <span class='ocrx_word' id='word_1_147' title='bbox 1026 2477 1173 2536; x_wconf 86' lang='lat' dir='ltr'><strong>Tiberino</strong></span> <span class='ocrx_word' id='word_1_148' title='bbox 1196 2477 1276 2536; x_wconf 89' lang='lat' dir='ltr'><strong>vade</strong></span> 
     </span>
     <span class='ocr_line' id='line_1_22' title="bbox 272 2580 1277 2660; baseline -0.002 -18"><span class='ocrx_word' id='word_1_149' title='bbox 272 2583 419 2658; x_wconf 87' lang='lat' dir='ltr'><strong>extraxit,</strong></span> <span class='ocrx_word' id='word_1_150' title='bbox 435 2587 562 2660; x_wconf 88' lang='lat' dir='ltr'><strong>precata</strong></span> <span class='ocrx_word' id='word_1_151' title='bbox 577 2580 748 2660; x_wconf 88' lang='lat' dir='ltr'><strong>propalam,</strong></span> <span class='ocrx_word' id='word_1_152' title='bbox 764 2592 797 2640; x_wconf 80' lang='lat' dir='ltr'><strong>ct</strong></span> <span class='ocrx_word' id='word_1_153' title='bbox 814 2586 859 2642; x_wconf 78' lang='lat' dir='ltr'><strong>itu</strong></span> <span class='ocrx_word' id='word_1_154' title='bbox 876 2586 997 2642; x_wconf 77' lang='lat' dir='ltr'><strong>demum</strong></span> <span class='ocrx_word' id='word_1_155' title='bbox 1010 2602 1041 2641; x_wconf 88' lang='lat' dir='ltr'><strong>se</strong></span> <span class='ocrx_word' id='word_1_156' title='bbox 1056 2580 1234 2658; x_wconf 78' lang='lat' dir='ltr'><strong>sequeretur,</strong></span> <span class='ocrx_word' id='word_1_157' title='bbox 1249 2586 1277 2641; x_wconf 83' lang='lat' dir='ltr'><strong>si</strong></span> 
     </span>
     <span class='ocr_line' id='line_1_23' title="bbox 272 2688 1276 2765; baseline -0.002 -18"><span class='ocrx_word' id='word_1_158' title='bbox 272 2691 331 2748; x_wconf 80' lang='lat' dir='ltr'><strong>sibi</strong></span> <span class='ocrx_word' id='word_1_159' title='bbox 360 2691 513 2763; x_wconf 67' lang='lat' dir='ltr'><strong>pudicitia</strong></span> <span class='ocrx_word' id='word_1_160' title='bbox 540 2697 705 2761; x_wconf 71' lang='lat' dir='ltr'><strong>constaret,</strong></span> <span class='ocrx_word' id='word_1_161' title='bbox 736 2693 768 2747; x_wconf 87' lang='lat' dir='ltr'><strong>et</strong></span> <span class='ocrx_word' id='word_1_162' title='bbox 797 2707 877 2765; x_wconf 90' lang='lat' dir='ltr'><strong>quae</strong></span> <span class='ocrx_word' id='word_1_163' title='bbox 904 2707 985 2747; x_wconf 88' lang='lat' dir='ltr'><strong>novo</strong></span> <span class='ocrx_word' id='word_1_164' title='bbox 1013 2707 1097 2747; x_wconf 92' lang='lat' dir='ltr'><strong>more</strong></span> <span class='ocrx_word' id='word_1_165' title='bbox 1125 2688 1276 2748; x_wconf 91' lang='lat' dir='ltr'><strong>iudicium</strong></span> 
     </span>
     <span class='ocr_line' id='line_1_24' title="bbox 271 2792 1278 2871; baseline 0 -19"><span class='ocrx_word' id='word_1_166' title='bbox 271 2793 447 2853; x_wconf 87' lang='lat' dir='ltr'><strong>maiestatis</strong></span> <span class='ocrx_word' id='word_1_167' title='bbox 462 2793 547 2870; x_wconf 89' lang='lat' dir='ltr'><strong>apud</strong></span> <span class='ocrx_word' id='word_1_168' title='bbox 563 2792 715 2870; x_wconf 91' lang='lat' dir='ltr'><strong>populum</strong></span> <span class='ocrx_word' id='word_1_169' title='bbox 734 2792 847 2851; x_wconf 90' lang='lat' dir='ltr'><strong>mulier</strong></span> <span class='ocrx_word' id='word_1_170' title='bbox 862 2793 968 2868; x_wconf 91' lang='lat' dir='ltr'><strong>subiit,</strong></span> <span class='ocrx_word' id='word_1_171' title='bbox 984 2793 1069 2871; x_wconf 89' lang='lat' dir='ltr'><strong>quod</strong></span> <span class='ocrx_word' id='word_1_172' title='bbox 1088 2793 1122 2852; x_wconf 92' lang='lat' dir='ltr'><strong>in</strong></span> <span class='ocrx_word' id='word_1_173' title='bbox 1136 2795 1278 2853; x_wconf 85' lang='lat' dir='ltr'><strong>conferta</strong></span> 
     </span>
     <span class='ocr_line' id='line_1_25' title="bbox 272 2897 1276 2977; baseline -0.001 -19"><span class='ocrx_word' id='word_1_174' title='bbox 272 2897 478 2958; x_wconf 88' lang='lat' dir='ltr'><strong>multitudine</strong></span> <span class='ocrx_word' id='word_1_175' title='bbox 495 2917 585 2974; x_wconf 85' lang='lat' dir='ltr'><strong>aegre</strong></span> <span class='ocrx_word' id='word_1_176' title='bbox 606 2899 793 2975; x_wconf 89' lang='lat' dir='ltr'><strong>procedente</strong></span> <span class='ocrx_word' id='word_1_177' title='bbox 811 2904 959 2975; x_wconf 88' lang='lat' dir='ltr'><strong>carpento</strong></span> <span class='ocrx_word' id='word_1_178' title='bbox 979 2899 1084 2976; x_wconf 88' lang='lat' dir='ltr'><strong>palam</strong></span> <span class='ocrx_word' id='word_1_179' title='bbox 1104 2897 1276 2977; x_wconf 84' lang='lat' dir='ltr'><strong>optaverat,</strong></span> 
     </span>
     <span class='ocr_line' id='line_1_26' title="bbox 227 3006 1278 3080; baseline 0.001 -17"><span class='ocrx_word' id='word_1_180' title='bbox 227 3019 256 3064; x_wconf 81' lang='lat'><strong>25</strong></span> <span class='ocrx_word' id='word_1_181' title='bbox 272 3013 306 3063; x_wconf 77' lang='lat' dir='ltr'><strong>ut</strong></span> <span class='ocrx_word' id='word_1_182' title='bbox 321 3008 423 3080; x_wconf 79' lang='lat' dir='ltr'><strong>freter</strong></span> <span class='ocrx_word' id='word_1_183' title='bbox 446 3023 520 3063; x_wconf 85' lang='lat' dir='ltr'><strong>scus</strong></span> <span class='ocrx_word' id='word_1_184' title='bbox 544 3006 673 3062; x_wconf 80' lang='lat' dir='ltr'><strong>Pulcher</strong></span> <span class='ocrx_word' id='word_1_185' title='bbox 695 3008 886 3063; x_wconf 80' lang='lat' dir='ltr'><strong>reuiuesceret</strong></span> <span class='ocrx_word' id='word_1_186' title='bbox 908 3013 996 3080; x_wconf 79' lang='lat' dir='ltr'><strong>alque</strong></span> <span class='ocrx_word' id='word_1_187' title='bbox 1021 3009 1130 3064; x_wconf 80' lang='lat' dir='ltr'><strong>iterum</strong></span> <span class='ocrx_word' id='word_1_188' title='bbox 1154 3007 1278 3064; x_wconf 81' lang='lat' dir='ltr'><strong>classem</strong></span> 
     </span>
     <span class='ocr_line' id='line_1_27' title="bbox 273 3111 1278 3185; baseline 0 -17"><span class='ocrx_word' id='word_1_189' title='bbox 273 3114 428 3184; x_wconf 78' lang='lat' dir='ltr'><strong>omitteret,</strong></span> <span class='ocrx_word' id='word_1_190' title='bbox 449 3129 507 3184; x_wconf 86' lang='lat' dir='ltr'><strong>quo</strong></span> <span class='ocrx_word' id='word_1_191' title='bbox 523 3113 624 3168; x_wconf 78' lang='lat' dir='ltr'><strong>minor</strong></span> <span class='ocrx_word' id='word_1_192' title='bbox 642 3112 730 3168; x_wconf 84' lang='lat' dir='ltr'><strong>turbu</strong></span> <span class='ocrx_word' id='word_1_193' title='bbox 749 3111 866 3169; x_wconf 81' lang='lat' dir='ltr'><strong>Romae</strong></span> <span class='ocrx_word' id='word_1_194' title='bbox 878 3113 968 3185; x_wconf 77' lang='lat' dir='ltr'><strong>sorel.</strong></span> <span class='ocrx_word' id='word_1_195' title='bbox 1012 3112 1180 3170; x_wconf 88' lang='lat' dir='ltr'><strong>Praeterea</strong></span> <span class='ocrx_word' id='word_1_196' title='bbox 1193 3116 1278 3169; x_wconf 90' lang='lat' dir='ltr'><strong>nota-</strong></span> 
     </span>
     <span class='ocr_line' id='line_1_28' title="bbox 273 3213 1277 3292; baseline -0.001 -17"><span class='ocrx_word' id='word_1_197' title='bbox 273 3215 431 3275; x_wconf 91' lang='lat' dir='ltr'><strong>tissimum</strong></span> <span class='ocrx_word' id='word_1_198' title='bbox 443 3219 499 3290; x_wconf 88' lang='lat' dir='ltr'><strong>est,</strong></span> <span class='ocrx_word' id='word_1_199' title='bbox 511 3213 660 3274; x_wconf 81' lang='lat' dir='ltr'><strong>Claudios</strong></span> <span class='ocrx_word' id='word_1_200' title='bbox 671 3215 782 3290; x_wconf 89' lang='lat' dir='ltr'><strong>omnis,</strong></span> <span class='ocrx_word' id='word_1_201' title='bbox 794 3221 924 3292; x_wconf 88' lang='lat' dir='ltr'><strong>excepto</strong></span> <span class='ocrx_word' id='word_1_202' title='bbox 935 3217 1100 3275; x_wconf 85' lang='lat' dir='ltr'><strong>dumtaxat</strong></span> <span class='ocrx_word' id='word_1_203' title='bbox 1110 3217 1145 3274; x_wconf 89' lang='lat' dir='ltr'><strong>P.</strong></span> <span class='ocrx_word' id='word_1_204' title='bbox 1158 3215 1277 3290; x_wconf 81' lang='lat' dir='ltr'><strong>Clodiu,</strong></span> 
     </span>
     <span class='ocr_line' id='line_1_29' title="bbox 500 3319 1279 3398; baseline 0 -20"><span class='ocrx_word' id='word_1_205' title='bbox 500 3319 556 3397; x_wconf 92' lang='lat' dir='ltr'><strong>qui</strong></span> <span class='ocrx_word' id='word_1_206' title='bbox 570 3320 610 3379; x_wconf 89' lang='lat' dir='ltr'><strong>ob</strong></span> <span class='ocrx_word' id='word_1_207' title='bbox 625 3320 846 3398; x_wconf 89' lang='lat' dir='ltr'><strong>expellendum</strong></span> <span class='ocrx_word' id='word_1_208' title='bbox 863 3321 939 3381; x_wconf 84' lang='lat' dir='ltr'><strong>urbe</strong></span> <span class='ocrx_word' id='word_1_209' title='bbox 957 3322 1139 3382; x_wconf 84' lang='lat' dir='ltr'><strong>Ciceronem</strong></span> <span class='ocrx_word' id='word_1_210' title='bbox 1155 3320 1279 3398; x_wconf 90' lang='lat' dir='ltr'><strong>plebeio</strong></span> 
     </span>
     <span class='ocr_line' id='line_1_30' title="bbox 196 3406 1280 3528; baseline 0.001 -45"><span class='ocrx_word' id='word_1_211' title='bbox 196 3488 199 3494; x_wconf 63' lang='grc'><em>,</em></span> <span class='ocrx_word' id='word_1_212' title='bbox 274 3406 400 3528; x_wconf 40' lang='lat' dir='ltr'><strong>{Mihin</strong></span> <span class='ocrx_word' id='word_1_213' title='bbox 500 3425 621 3484; x_wconf 93' lang='lat' dir='ltr'><strong>homini</strong></span> <span class='ocrx_word' id='word_1_214' title='bbox 649 3432 744 3503; x_wconf 87' lang='lat' dir='ltr'><strong>atque</strong></span> <span class='ocrx_word' id='word_1_215' title='bbox 769 3427 865 3486; x_wconf 87' lang='lat' dir='ltr'><strong>etiam</strong></span> <span class='ocrx_word' id='word_1_216' title='bbox 888 3433 968 3487; x_wconf 87' lang='lat' dir='ltr'><strong>natu</strong></span> <span class='ocrx_word' id='word_1_217' title='bbox 991 3425 1106 3486; x_wconf 93' lang='lat' dir='ltr'><strong>minori</strong></span> <span class='ocrx_word' id='word_1_218' title='bbox 1129 3427 1163 3484; x_wconf 91' lang='lat' dir='ltr'><strong>in</strong></span> <span class='ocrx_word' id='word_1_219' title='bbox 1188 3427 1280 3502; x_wconf 83' lang='lat' dir='ltr'><strong>adop</strong></span> 
     </span>
     <span class='ocr_line' id='line_1_31' title="bbox 230 3491 1279 3610; baseline -0.004 -16"><span class='ocrx_word' id='word_1_220' title='bbox 230 3548 259 3594; x_wconf 85' lang='lat'><strong>30</strong></span> <span class='ocrx_word' id='word_1_221' title='bbox 292 3493 343 3540; x_wconf 78' lang='lat' dir='ltr'><strong>aug</strong></span> <span class='ocrx_word' id='word_1_222' title='bbox 400 3491 444 3527; x_wconf 49' lang='grc' dir='ltr'><strong>θη</strong></span> <span class='ocrx_word' id='word_1_223' title='bbox 500 3532 620 3591; x_wconf 91' lang='lat' dir='ltr'><strong>tionem</strong></span> <span class='ocrx_word' id='word_1_224' title='bbox 648 3551 681 3592; x_wconf 92' lang='lat' dir='ltr'><strong>se</strong></span> <span class='ocrx_word' id='word_1_225' title='bbox 716 3532 812 3607; x_wconf 90' lang='lat' dir='ltr'><strong>dedit,</strong></span> <span class='ocrx_word' id='word_1_226' title='bbox 845 3532 1012 3610; x_wconf 87' lang='lat' dir='ltr'><strong>optimates</strong></span> <span class='ocrx_word' id='word_1_227' title='bbox 1048 3537 1279 3608; x_wconf 88' lang='lat' dir='ltr'><strong>assertoresque</strong></span> 
     </span>
     <span class='ocr_line' id='line_1_32' title="bbox 275 3635 1279 3716; baseline -0.004 -18"><span class='ocrx_word' id='word_1_228' title='bbox 275 3639 383 3698; x_wconf 89' lang='lat' dir='ltr'><strong>unicos</strong></span> <span class='ocrx_word' id='word_1_229' title='bbox 398 3637 563 3713; x_wconf 83' lang='lat' dir='ltr'><strong>dignitatis</strong></span> <span class='ocrx_word' id='word_1_230' title='bbox 582 3657 617 3698; x_wconf 85' lang='lat' dir='ltr'><strong>ec</strong></span> <span class='ocrx_word' id='word_1_231' title='bbox 632 3638 792 3715; x_wconf 86' lang='lat' dir='ltr'><strong>potentiae</strong></span> <span class='ocrx_word' id='word_1_232' title='bbox 812 3637 1015 3716; x_wconf 87' lang='lat' dir='ltr'><strong>patriciorum</strong></span> <span class='ocrx_word' id='word_1_233' title='bbox 1033 3655 1155 3713; x_wconf 89' lang='lat' dir='ltr'><strong>semper</strong></span> <span class='ocrx_word' id='word_1_234' title='bbox 1169 3635 1279 3711; x_wconf 83' lang='lat' dir='ltr'><strong>fuisse,</strong></span> 
     </span>
     <span class='ocr_line' id='line_1_33' title="bbox 277 3742 1282 3822; baseline -0.002 -20"><span class='ocrx_word' id='word_1_235' title='bbox 277 3750 370 3821; x_wconf 86' lang='lat' dir='ltr'><strong>atque</strong></span> <span class='ocrx_word' id='word_1_236' title='bbox 388 3745 538 3805; x_wconf 82' lang='lat' dir='ltr'><strong>adversus</strong></span> <span class='ocrx_word' id='word_1_237' title='bbox 556 3744 679 3822; x_wconf 88' lang='lat' dir='ltr'><strong>plebem</strong></span> <span class='ocrx_word' id='word_1_238' title='bbox 700 3745 778 3804; x_wconf 90' lang='lat' dir='ltr'><strong>adeo</strong></span> <span class='ocrx_word' id='word_1_239' title='bbox 795 3742 949 3803; x_wconf 89' lang='lat' dir='ltr'><strong>violentos</strong></span> <span class='ocrx_word' id='word_1_240' title='bbox 970 3748 1002 3802; x_wconf 88' lang='lat' dir='ltr'><strong>et</strong></span> <span class='ocrx_word' id='word_1_241' title='bbox 1020 3747 1228 3818; x_wconf 87' lang='lat' dir='ltr'><strong>contumaces,</strong></span> <span class='ocrx_word' id='word_1_242' title='bbox 1245 3745 1282 3800; x_wconf 90' lang='lat' dir='ltr'><strong>ut</strong></span> 
     </span>
    </p>
   </div>
   <div class='ocr_carea' id='block_1_4' title="bbox 0 0 1553 4380">
    <p class='ocr_par' dir='ltr' id='par_1_4' title="bbox 0 0 1553 4380">
     <span class='ocr_line' id='line_1_34' title="bbox 0 0 1553 4380; baseline 0 0"><span class='ocrx_word' id='word_1_243' title='bbox 0 0 1553 4380; x_wconf 95' lang='lat' dir='ltr'><strong> </strong></span> 
     </span>
    </p>
   </div>
  </div>
 </body>
</html>
