3106 4378
576 304 760 384 1111111.
811 305 917 356 11110.
1190 295 1252 359 117

247 475 413 554 Neapolim
429 475 653 551 confluxerant,
669 475 775 553 plures
791 476 985 536 Alexandria
999 476 1149 537 evocavit.
1192 478 1223 537 N
1225 497 1254 536 e·
1272 455 1275 460 ι

249 601 309 659 que
330 601 366 640 eo
388 581 515 658 segnius
537 580 788 641 adulescentulos
807 581 963 658 equestris
983 582 1102 642 ordinis
1119 588 1152 643 et
1165 583 1254 661 quin-

248 705 309 764 que
340 686 476 765 amplius
512 686 601 745 milia
634 704 652 745 0
686 685 776 765 plebe
811 686 1046 747 robustissimae
1078 687 1253 750 iuventutis

248 793 387 869 undique
407 791 510 867 elegit,
527 791 581 868 qui
602 790 698 851 divisi
717 790 751 849 in
772 791 936 880 factiones,
952 791 1118 869 plausuum
1141 813 1255 870 genera

249 897 463 958 condiscerent
493 896 637 977 (bombos
665 901 696 956 et
724 895 869 957 imbrices
898 902 930 956 01
956 902 1056 958 testas
1079 901 1285 976 vocabant)s

249 1021 436 1081 operamque
455 1007 608 1062 navarent
628 1001 769 1062 cantanti
794 1001 864 1077 sibi,
884 1001 1023 1080 insignes
1045 1005 1254 1082 pinguissima

249 1127 335 1168 coma
349 1114 382 1167 et
396 1106 662 1168 excellentissimo
677 1105 765 1166 cultu
779 1107 869 1184 pueri
883 1125 939 1167 nec
954 1107 1022 1168 sine
1037 1109 1131 1169 anulo
1144 1109 1254 1188 laevis,

249 1233 380 1291 quorum
395 1213 488 1273 duces
503 1212 720 1290 quadringena
734 1211 824 1271 milia
838 1212 984 1273 sestertia
997 1215 1165 1276 merebant.
1196 1221 1206 1233 ⁴

196 1328 233 1379 21
289 1320 368 1380 Cum
393 1319 499 1395 magni
524 1318 705 1380 aestimaret
732 1323 859 1378 cantare
887 1317 983 1377 etiam
1007 1319 1134 1396 Rornae,
1159 1320 1256 1380 Nero

248 1443 340 1484 neum
361 1443 462 1500 agona
476 1429 549 1483 aute
568 1423 791 1501 praestitutam
810 1422 894 1482 diem
909 1441 1030 1483 revoca
1271 1443 1300 1489 10

248 1531 305 1605 vit,
317 1513 596 1606 flagitantibusque
609 1528 731 1588 cunctis
743 1528 910 1588 caelestem
922 1547 1029 1588 vocem
1054 1503 1255 1638 affixam

249 1634 410 1712 respondit
422 1634 550 1711 quidem
567 1638 599 1693 11
615 1636 711 1694 bortis
728 1653 759 1692 se
775 1637 894 1708 copiam
910 1635 1030 1693 uolenti

249 1743 304 1800 bus
311 1743 477 1816 saetarum,
499 1739 553 1799 sed
573 1738 743 1799 adiuvante
763 1737 850 1814 vulgi
872 1757 979 1817 preces
1000 1738 1095 1799 etiam
1119 1739 1254 1800 statione

249 1845 395 1920 militurn,
411 1863 490 1922 quae
505 1851 580 1904 tunc
596 1845 778 1919 excubabat,
792 1853 1086 1919 reprameatutarum
1096 1864 1127 1904 se
1138 1845 1255 1922 pollici·

248 1955 301 2010 110
311 1956 358 2011 001
370 1951 488 2026 111101ος
516 1969 551 2010 ac
567 1950 635 2010 sine
649 1968 736 2009 mora
751 1968 864 2009 nomen
880 1949 1017 2010 suumin
1028 1949 1099 2010 albo
1110 1950 1257 2028 11011101-
1272 1971 1300 2016 11

248 2056 327 2116 tium
343 2055 593 2115 citharoedorum
613 2055 706 2116 iussit
727 2055 851 2130 ascribi,
871 2054 1081 2131 sorticulaque
1096 2055 1130 2114 in
1143 2075 1255 2115 urnam

248 2180 318 2220 cum
336 2161 447 2220 ceteris
463 2160 608 2235 demissa,
625 2160 758 2220 intravit
775 2160 884 2219 ordine
902 2178 967 2235 010,
989 2159 1083 2221 simul
1102 2162 1255 2238 praefecti

248 2266 396 2345 praetorii
408 2266 560 2325 citharam
573 2266 774 2341 sustinentes,
788 2271 860 2342 post
868 2265 988 2324 tribuni
999 2265 1147 2341 militum,
1156 2266 1256 2326 iuxta

249 2391 308 2449 que
319 2372 490 2431 amicorum
501 2371 616 2430 intimi.
661 2373 770 2448 thue
785 2371 937 2446 constitit,
950 2376 1075 2448 peraeto
1090 2371 1254 2450 principio,

248 2479 381 2538 11101111
402 2496 432 2536 se
453 2486 645 2536 cantaturum
667 2495 723 2554 per
745 2475 893 2536 Cluvium
916 2476 1038 2536 Rufum
1059 2475 1254 2537 consularem
1271 2493 1300 2538 10

247 2582 465 2661 pronuntiavit
492 2587 524 2642 et
552 2582 585 2640 in
615 2582 722 2641 boram
751 2583 817 2642 1010
852 2582 1005 2642 decimam
1033 2581 1253 2660 perseveravit,

248 2707 454 2765 coronamque
466 2706 534 2746 eam
546 2693 577 2746 et
592 2687 746 2764 reliquam
759 2689 941 2749 certaminis
956 2693 1077 2767 partem
1093 2688 1126 2746 in
1138 2706 1254 2747 annum

249 2799 429 2871 sequentem
442 2792 577 2867 distulit,
589 2799 625 2852 ut
638 2793 763 2870 saepius
776 2794 908 2854 canendi
920 2794 1039 2854 occasio
1051 2801 1141 2854 00001.
1165 2793 1254 2864 Quod

247 2911 317 2958 cum
338 2899 464 2958 tardum
480 2898 647 2972 videretur,
664 2918 726 2958 101
749 2901 884 2961 cessavit
907 2900 1079 2960 identidem
1102 2918 1134 2959 se
1155 2897 1256 2976 publi-

248 3022 325 3063 care.
377 3003 544 3063 Dubitavit
570 3003 666 3063 etiam
691 3024 731 3064 an
756 3006 890 3083 privatis
917 2989 1103 3084 spectaculis
1129 3023 1255 3083 operam
1271 3018 1300 3064 ab

247 3109 330 3168 inter
348 3108 504 3168 scaenicos
527 3109 624 3184 daret,
645 3112 779 3188 quodam
801 3117 979 3190 praetorum
1003 3111 1183 3172 sestertium
1205 3109 1255 3168 de-
1355 3093 1357 3100 ⁴

247 3213 310 3274 cies
332 3213 490 3273 offerente.
537 3216 727 3291 Tragoedias
750 3237 873 3296 quoque
895 3218 1036 3278 cantavit
1057 3224 1253 3295 personatus,

247 3319 377 3379 heroum
400 3320 590 3397 deorumque
616 3321 691 3381 item
715 3322 878 3382 heroidum
901 3343 937 3384 ac
958 3324 1086 3384 dearum
1110 3321 1253 3401 personis

247 3424 368 3484 effectis
398 3426 440 3485 ad
472 3426 711 3486 similitudinem
745 3429 808 3488 oris
840 3429 889 3489 sui
920 3436 952 3489 et
981 3431 1128 3505 feminae,
1162 3433 1254 3508 prout

247 3547 403 3607 quamque
427 3531 580 3608 diligeret.
624 3533 713 3593 Inter
734 3539 838 3592 cetera
862 3534 1002 3594 cantavit
1023 3537 1167 3596 Canacen
1187 3553 1255 3612 par·
1270 3551 1299 3596 00

246 3635 426 3710 1111011011,
449 3635 580 3697 Oresten
602 3637 809 3713 matricidam,
831 3638 1024 3717 Oedipodem
1046 3646 1252 3713 excaecatum,

247 3740 418 3800 Herculem
437 3740 590 3801 insanum.
633 3742 673 3801 In
688 3761 751 3819 qua
764 3743 874 3802 fabula
888 3744 974 3804 fama
988 3751 1045 3820 est,
1060 3745 1252 3804 tirunculum
