3106 4378
593 299 706 351 mana
729 299 779 350 vr.
829 299 936 352 nnnc.
1072 316 1075 322 ·
1206 289 1269 354 133

262 477 410 546 gumento
429 470 603 547 refellebat,
624 491 718 550 quam
737 471 934 550 quodetiam
953 471 1081 533 inscitia
1100 473 1162 535 sibi
1180 479 1270 534 tanto

262 595 353 654 opere
374 560 551 637 elaboratae
573 578 794 655 perfectaeque
815 595 835 637 a
856 596 889 638 se
910 577 987 637 artis
1006 578 1188 652 obiceretur,
1210 578 1270 638 sin-

262 682 351 759 gulos
380 673 514 742 subinde
546 682 695 759 rogitans,
725 691 888 767 nossentne·
912 701 1091 759 qacmquam
1113 692 1270 758 praesten-

262 791 375 846 tierent.
419 786 481 846 Sed
499 787 684 863 urgentibus
699 787 771 847 aliis
789 805 883 865 super
897 787 975 847 alios
989 787 1121 863 nuntiis,
1136 789 1269 848 Romam

262 893 480 970 praetrepidus
490 891 602 968 rediit3
626 892 800 970 leviterque
811 893 903 952 modo
917 891 952 951 in
966 881 1079 952 itinere
1090 891 1205 952 frivolo
1220 911 1270 953 au·
1286 911 1301 956 o

262 997 360 1075 spicio
375 1003 480 1057 mente
496 1003 643 1071 recreata,
659 1015 729 1057 cnm
748 1002 932 1057 annotasset
951 996 1145 1075 insculptum
1165 1017 1270 1058 monu-

263 1108 369 1162 mento
380 1102 512 1162 militem
526 1102 653 1163 Gallum
664 1103 704 1161 ab
712 1101 819 1179 equite
833 1103 976 1162 Romano
990 1121 1174 1179 oppressum
1185 1102 1270 1162 trahi

262 1208 410 1282 crinibus,
425 1208 466 1267 ad
483 1226 550 1267 eam
566 1207 702 1284 speciem
717 1206 847 1267 exsiluit
866 1207 981 1283 gaudio
1000 1206 1183 1285 caelumque
1200 1207 1270 1268 ado

262 1314 352 1372 ravit.
394 1313 441 1372 Ac
456 1332 495 1372 ne
511 1317 586 1371 tnnc
606 1312 733 1389 quidem
753 1318 807 1372 aut
828 1318 939 1372 senatu
959 1318 1013 1372 aut
1032 1312 1149 1390 populo
1166 1331 1270 1372 coram

262 1418 429 1496 appellato,
452 1419 602 1495 quosdam
627 1437 643 1477 e
665 1417 854 1495 primoribus
875 1417 953 1477 viris
973 1417 1100 1477 domum
1118 1417 1269 1493 evocavit,
1286 1431 1314 1479 10

261 1529 480 1601 transactaque
502 1524 618 1601 raptim
638 1522 876 1598 consultatione,
892 1522 1046 1599 reliquam
1065 1522 1129 1582 diei
1149 1528 1269 1600 partem

262 1648 317 1707 per
333 1648 448 1705 organa
462 1628 648 1707 hydraulica
661 1629 735 1687 novi
750 1633 782 1687 et
797 1627 898 1702 ignoti
912 1628 1034 1704 generis
1048 1628 1268 1704 circumduxit,

262 1735 491 1812 ostendensque
511 1734 645 1809 singula,
661 1734 699 1793 de
719 1733 840 1792 ratione
859 1752 894 1793 ao
914 1732 1099 1793 difficultate
1118 1733 1268 1810 cuiusque
1302 1726 1305 1732 ’

262 1840 427 1914 disserens,
454 1844 518 1899 iam
541 1859 572 1898 se
597 1843 687 1898 etiam
710 1841 904 1914 prolaturum
933 1843 1036 1897 oracio
1061 1843 1094 1897 ic
1121 1841 1268 1898 theob-um

260 1944 431 2005 affirmavit
452 1948 481 2004 ec‘
496 1963 566 2020 per·
578 1946 735 2006 Wadtcem
757 1947 852 2004 liceat.
1285 1968 1314 2013 15

208 2057 247 2109 42
301 2048 472 2124 Postquam
485 2046 598 2106 deinde
610 2046 705 2106 etiam
721 2047 853 2108 Galbam
865 2054 898 2108 et
909 2047 1083 2126 Hispanias
1098 2050 1268 2110 descivisse

261 2152 416 2227 cognovit,
429 2152 597 2230 conlapsus
613 2152 779 2230 animoque
793 2154 876 2213 male
887 2154 989 2213 fracto
1000 2153 1058 2214 diu
1068 2155 1136 2214 sine
1147 2173 1221 2215 voce
1236 2160 1268 2214 et

261 2275 357 2334 prope
386 2257 611 2317 intermortuus
643 2257 748 2333 iacuit,
777 2265 875 2336 utque
906 2259 1039 2336 resipiit,

260 2368 347 2423 veste
362 2362 502 2437 discissa,
518 2363 985 2440 capiteconve1·berato,octcm
1004 2367 1040 2424 de
1066 2339 1267 2474 {Qum

260 2487 290 2527 ee
309 2467 536 2546 pronuntiavit,
556 2467 794 2546 consolantique
813 2469 989 2529 nutriculae
1009 2475 1041 2529 et
1282 2489 1312 2534 ao

260 2573 331 2634 aliis
345 2591 469 2651 quoque
485 2573 547 2632 iam
558 2572 755 2650 principibus
771 2573 889 2635 similia
903 2575 1055 2635 accidisse
1070 2575 1265 2650 memoranti,

259 2697 289 2738 ce
303 2698 373 2739 cero
382 2688 505 2754 praeter
520 2687 628 2738 ceteros
646 2681 787 2738 inaudito
805 2688 832 2740 et
849 2683 1001 2758 iocoqndc
1008 2684 1080 2756 poti
1093 2679 1264 2758 respondit,

258 2790 311 2859 qai
335 2804 486 2844 summam
511 2787 672 2860 imperium
697 2789 784 2844 vicus
811 2789 967 2845 amitteret.
1010 2786 1077 2846 Nec
1102 2803 1138 2844 eo
1167 2786 1265 2847 setius

259 2891 425 2967 quicquam
448 2908 487 2948 ex
508 2889 735 2949 consuetudine
760 2889 853 2950 luxus
878 2896 973 2968 atque
997 2890 1137 2951 desidiae
1158 2890 1265 2952 omisit

259 2994 308 3054 vel
323 2995 500 3070 imminuit;
524 2994 720 3072 quinimmo,
736 3013 806 3054 cum
821 2996 962 3074 prosperi
979 2996 1131 3073 quiddam
1145 3015 1185 3056 ex
1199 3017 1266 3075 pro
1281 3012 1310 3057 ao

258 3099 371 3160 vinciis
392 3098 572 3159 nuntiatum
597 3106 688 3175 esset,
711 3119 804 3177 super
826 3101 1131 3162 abundantissimam
1156 3121 1264 3162 cenam

257 3205 408 3266 iocularia
429 3205 462 3264 in
481 3205 667 3265 defectionis
688 3205 783 3265 duces
804 3205 943 3266 carmina
961 3206 1141 3284 lasciueque
1160 3208 1264 3268 modu-

256 3309 323 3369 lata
347 3329 426 3388 quae
455 3310 549 3386 vulgo
574 3316 752 3387 notuerunt,
775 3312 870 3372 etiam
896 3312 1102 3388 gesticulatus
1130 3318 1194 3389 est3
1228 3331 1263 3374 ac

257 3415 443 3491 spectaculis
458 3416 576 3476 theatri
593 3416 673 3476 clam
688 3417 816 3491 inlatus,
830 3415 954 3477 cuidam
969 3417 1111 3478 scaenico
1125 3417 1262 3496 placenti

256 3519 404 3579 nuntium
417 3521 513 3595 misit,
529 3523 613 3580 abuti
627 3541 694 3580 errat
709 3525 952 3596 occupationibus
965 3526 1037 3582 saie.
1278 3546 1307 3591 30

182 3605 241 3684 ‘43
297 3624 394 3684 Initio
418 3626 524 3686 statim
544 3625 711 3701 tumultus,
728 3625 830 3686 multa
849 3632 881 3686 et
900 3627 1049 3702 inmania,
1069 3647 1179 3687 verum
1199 3647 1261 3688 non

256 3728 456 3790 abhorrentia
469 3749 488 3790 a
502 3735 616 3790 natura
630 3749 687 3791 sna
701 3730 839 3792 creditur
853 3731 1046 3793 destinasse:
1069 3751 1261 3793 successores
