3106 4378
285 277 349 344 134
387 289 417 342 c.
439 289 596 342 scnrom
613 289 844 353 messenum
864 289 914 340 nn
935 289 1025 341 vnn
1046 289 1249 343 cassinum

284 482 543 543 percussoresque
554 463 751 526 summittere
760 463 917 525 exercitus
935 468 966 524 et
975 465 1154 542 provincias
1163 466 1297 543 regenti-

284 569 351 645 bus,
374 570 464 648 quasi
487 569 676 648 conspiratis
705 569 850 646 idemque
878 573 911 628 et
938 588 1035 628 unum
1064 569 1290 645 sentientibus3

510 674 668 752 quidquid
689 674 806 752 ubique
825 674 971 733 exsulum
988 672 1142 751 quidquid
1162 673 1197 734 in
1215 675 1291 735 urbe

283 753 484 889 fffifflim
510 778 674 840 hominum
700 778 935 840 Gallicanorum
963 784 1047 839 esset
1074 779 1291 840 contrucidare

253 897 268 941 5
515 884 603 965 (illos
614 903 654 944 ne
664 883 911 944 desciscentibus
923 884 1178 960 adgregarsntur,
1188 883 1247 945 hos
1255 891 1292 944 ut

284 988 423 1049 conscios
452 989 652 1067 popularium
682 1008 809 1049 suorum
840 995 935 1066 atque
965 989 1137 1071 fautores);
1169 988 1291 1050 Gallias

284 1094 474 1154 exercitibus
497 1093 692 1172 diripiendas
718 1093 917 1172 permittere,
943 1099 1087 1154 senatum
1108 1093 1290 1154 universum

284 1217 404 1259 veneno
425 1217 481 1278 per
501 1199 647 1260 convivia
667 1217 795 1275 necare;
823 1199 933 1259 urbem
958 1197 1131 1273 incendere,
1157 1199 1235 1258 feris
1257 1198 1290 1259 in

283 1304 434 1383 populum
462 1303 624 1381 immissis,
651 1323 714 1382 quo
741 1303 903 1364 difficilius
933 1303 1184 1364 defenderentur.
1228 1303 1290 1364 Sed

239 1419 269 1464 10
283 1410 470 1471 absterritus
499 1429 562 1470 non
590 1416 656 1470 tam
682 1409 880 1489 paenitentia
906 1427 1002 1487 quam
1029 1408 1213 1486 perficiendi
1241 1409 1291 1469 de-

283 1516 471 1592 speratione,
499 1515 692 1593 credensque
720 1514 954 1592 expeditionem
981 1513 1199 1589 necessariam,
1221 1533 1291 1575 con-

284 1619 368 1680 sules
401 1626 475 1680 ante
498 1626 625 1699 tempus
647 1620 787 1698 privavit
810 1619 927 1680 honore
948 1624 1043 1696 atque
1067 1619 1101 1678 in
1123 1621 1289 1697 utriusque

283 1725 386 1787 locum
414 1726 499 1787 solus
528 1725 601 1786 iniit
629 1725 835 1802 consulatum,
861 1725 953 1802 quasi
980 1724 1078 1784 fatale
1106 1730 1198 1800 esset,
1225 1744 1289 1785 non

282 1850 374 1909 posse
397 1831 519 1893 Gallias
538 1831 689 1891 debellari
709 1831 773 1891 nisi
793 1849 813 1892 a
835 1848 868 1891 se
889 1830 1025 1890 consule.
1068 1830 1115 1889 Ac
1134 1831 1289 1908 susceptis

238 1948 267 1994 1c
282 1935 433 2014 fascibus,
448 1955 519 1997 cum
537 1941 610 2016 post
628 1935 738 2013 epulas
757 1935 898 1996 triclinio
916 1934 1140 2011 digrederetur,
1160 1935 1288 1997 innixus

282 2043 399 2104 umeris
430 2042 646 2118 familiarium,
676 2041 853 2117 affirmavit,
881 2043 972 2100 simui
1000 2061 1035 2100 uc
1059 2045 1196 2116 primam
1219 2061 1289 2117 pro

281 2151 414 2208 vinciam
436 2151 589 2226 ctiibisaei,
615 2151 760 2207 idemnem
787 2166 817 2206 ae
842 2150 875 2206 id
899 2155 1084 2222 cmispecium
1107 2150 1288 2207 caeercituum

284 2257 481 2330 proditurum
502 2256 739 2328 necquicquam
767 2255 854 2312 aldid
880 2270 972 2328 quam
992 2257 1149 2328 fleturum,
1174 2271 1289 2312 reuoca-

281 2362 376 2434 tisque
398 2361 440 2418 ud
456 2361 676 2434 paenitentiam
698 2359 895 2434 defectoribus
916 2360 1084 2432 insequenti
1107 2359 1155 2416 dic
1177 2359 1288 2418 iccium

235 2472 265 2518 w
282 2469 360 2524 iaier
394 2467 484 2523 laetos
519 2471 710 2523 camararum
744 2466 883 2539 epinicia,
912 2481 989 2538 quae
1023 2465 1087 2521 iam
1120 2481 1200 2521 accc
1230 2464 1290 2522 eibi

281 2573 419 2646 componi
438 2577 591 2644 oporteret.

322 2676 362 2734 In
376 2674 591 2753 praeparanda
604 2672 805 2751 expeditione
819 2674 953 2751 primam
966 2690 1073 2733 curam
1088 2671 1200 2732 habuit
1213 2673 1288 2733 deli·
1300 2684 1338 2734 44

282 2781 377 2858 gandi
390 2778 537 2840 vehicula
546 2778 710 2857 portandis
723 2778 873 2840 scaenicis
887 2777 1022 2854 organis,
1037 2777 1287 2855 concubinasque

281 2929 441 2988 mmm
508 2903 585 2962 quas
614 2902 720 2944 secum
748 2883 893 2944 educeret
917 2881 1069 2942 tondendi
1097 2881 1137 2942 ad
1162 2881 1287 2945 virilem

234 3006 264 3051 ao
281 3005 406 3064 gotome
508 2990 635 3049 modum
660 2995 692 3049 et
716 2990 876 3050 securibus
903 2988 1062 3067 peltisque
1086 2987 1286 3049 Amazonicis

280 3077 415 3125 mmm
507 3093 694 3156 instruendi.
737 3096 814 3154 Mox
838 3094 940 3155 tribus
963 3095 1099 3155 urbanas
1124 3093 1164 3153 ad
1189 3110 1287 3153 sacra
1387 3171 1390 3178 Α

281 3204 419 3259 mentum
453 3199 573 3277 citavit,
602 3220 638 3261 ac
669 3200 757 3262 nullo
788 3201 899 3262 idoneo
928 3201 1138 3280 respondente
1165 3207 1284 3260 cestim

280 3304 418 3364 dominis
442 3324 602 3366 servorum
631 3325 796 3367 numerum
825 3306 959 3383 indixit3
992 3326 1049 3367 nec
1066 3306 1129 3367 nisi
1157 3323 1196 3365 ex
1218 3312 1286 3366 tcta
1331 3314 1333 3319 '

280 3410 432 3488 cuiusque
452 3411 576 3472 familia
599 3411 846 3490 probatissimos,
867 3431 907 3472 ne
929 3410 1198 3489 dispensatoribus
1220 3411 1286 3488 qui-

236 3513 352 3576 adem
370 3522 425 3576 aut
440 3517 683 3596 amanuensibus
702 3517 851 3595 exceptis,
873 3517 1001 3595 recepit.
1043 3518 1172 3577 Partem
1189 3516 1283 3576 etiam

280 3639 392 3682 census
420 3641 526 3683 omnes
558 3622 683 3683 ordines
715 3608 857 3683 conferre
889 3622 991 3696 iussit,
1021 3626 1054 3681 et
1084 3621 1214 3698 insuper
1240 3621 1285 3681 in-

281 3726 419 3805 quilinos
433 3726 629 3805 privatarum
647 3727 772 3788 aedium
797 3733 892 3806 atque
909 3725 1083 3789 insularum
1102 3725 1284 3804 pensionem
