3078 4380
275 283 338 350 ,22
373 297 402 348 C.
429 296 586 348 SUETONI
608 295 837 358 TRANQUILLI
860 297 910 346 Du
930 297 1023 348 VITA
1045 297 1248 349 CAESARUM

295 469 422 530 diasset.
454 463 465 496 ¹
475 470 633 530 Externas
658 469 872 545 caerimonias,
894 470 1070 548 Aegyptios
1095 471 1302 548 Iudaicosque
1316 479 1354 530 36

522 575 604 634 ritus
628 574 830 653 compescuit,
855 575 971 634 coactis
996 575 1052 652 qui
1080 575 1302 653 superstitione

522 699 559 740 ea
579 679 768 740 tenebantur
790 679 952 757 religiosas
973 685 1075 740 vestes
1097 699 1167 740 cum
1188 681 1303 740 instru-

521 792 628 846 mento
650 785 735 845 omni
756 787 944 845 comburere.
989 786 1177 846 Iudaeorum
1198 787 1303 846 iuven-

264 900 396 954 stutem
420 911 476 972 per
501 891 637 970 speciem
666 891 854 951 sacramenti
882 891 916 951 in
944 891 1121 970 provincias
1150 893 1302 968 gravioris

295 999 374 1060 caeli
408 997 581 1073 distribuit,
612 996 749 1074 reliquos
785 997 887 1072 gentis
923 998 1064 1058 eiusdem
1098 998 1149 1058 vel
1185 998 1303 1059 similia

297 1110 452 1164 sectantes
466 1103 542 1163 urbe
558 1102 738 1177 summovit,
755 1103 813 1162 sub
831 1121 933 1180 poena
950 1109 1121 1181 perpetuae
1140 1103 1301 1164 servitutis

295 1210 358 1268 nisi
379 1210 655 1286 obtemperassent.
701 1207 833 1285 Expulit
854 1213 886 1268 ct
907 1209 1154 1284 mathematicos,
1177 1209 1232 1268 sed
1253 1209 1303 1268 de-

295 1314 494 1393 precantibus
514 1333 549 1374 ac
565 1333 598 1373 se
612 1318 713 1372 artem
731 1313 887 1372 desituros
907 1314 1163 1391 promittentibus
1177 1314 1301 1374 veniam

251 1432 279 1477 10
295 1421 392 1480 dedit.

335 1525 511 1604 Inprimis
535 1524 670 1584 tuendae
698 1524 785 1602 pacis
811 1543 830 1584 a
854 1524 1042 1600 grassaturis
1067 1543 1102 1584 ac
1126 1524 1301 1585 latrociniis
1316 1530 1354 1582 37

295 1681 474 1729 mmm
523 1629 776 1706 seditionumque
797 1628 926 1688 licentia
946 1613 1052 1688 curam
1072 1629 1191 1689 habuit.
1237 1630 1303 1690 Sta

295 1755 416 1816 dm,
428 1757 457 1802 at
521 1735 625 1794 tiones
640 1733 778 1793 militum
795 1753 852 1811 per
870 1733 999 1793 ltaliam
1019 1733 1112 1794 solito
1131 1735 1302 1812 frequenti-

294 1832 427 1878 ¹¹⁰¹²¹0⁸¹²⁶
523 1859 590 1898 ores
620 1838 788 1917 disposuit.
845 1840 965 1898 Romae
993 1844 1096 1899 castra
1127 1839 1301 1913 constituit,

251 1961 279 2005 15
295 1907 386 1953 md
523 1945 639 2021 quibus
656 1943 872 2022 praetorianae
892 1943 1045 2018 cohortes,
1061 1962 1158 2019 vagae
1177 1950 1249 2004 ante
1268 1944 1302 2002 id

295 2056 418 2128 tempus
434 2055 465 2109 et
479 2068 535 2128 per
549 2048 688 2126 hospitia
703 2049 871 2127 dispersae,
887 2049 1131 2108 continerentur.

335 2155 509 2233 Populares
525 2153 680 2215 turnultus
700 2160 732 2214 et
751 2161 836 2213 ortos
854 2155 1039 2230 gravissime
1056 2155 1193 2214 coercuit
1211 2162 1243 2215 et
1262 2174 1301 2214 ne

296 2267 458 2321 orerentur
473 2259 582 2320 sedulo
600 2259 692 2319 cavit.
736 2260 837 2320 Caede
852 2258 886 2318 in
900 2259 1024 2319 theatro
1040 2279 1096 2337 per
1114 2261 1301 2320 discordiam

296 2366 441 2441 admissa,
467 2365 572 2443 capita
600 2365 774 2424 factionum
803 2371 835 2424 et
861 2364 1042 2440 histriones,
1068 2371 1196 2442 propter
1224 2385 1301 2443 quos

250 2482 279 2526 ac
295 2471 515 2545 dissidebatur,
538 2468 699 2544 relegavit,
721 2487 778 2529 nec
802 2475 839 2529 ut
867 2475 1026 2529 revocaret
1053 2488 1201 2547 umquam
1226 2469 1302 2530 ullis

296 2576 404 2655 populi
431 2575 574 2654 precibus
603 2573 708 2652 potuit
735 2573 846 2633 evinci.
897 2575 976 2635 (lum
1004 2574 1186 2635 Pollentina
1213 2575 1301 2653 plebs

295 2683 392 2742 funus
407 2681 569 2740 cuiusdam
589 2679 796 2758 primipilaris
815 2699 879 2738 nou
898 2680 987 2756 prius
1006 2698 1045 2739 ex
1064 2680 1134 2739 foro
1153 2679 1301 2756 misisset,

296 2806 390 2865 quam
404 2791 527 2846 extorta
545 2783 679 2862 pecunia
693 2803 748 2862 per
762 2783 827 2842 rim
842 2784 1009 2844 heredibus
1024 2785 1065 2844 ad
1080 2784 1302 2860 gladiatorium

297 2911 418 2965 munus,
441 2891 600 2950 cohortem
621 2888 660 2949 ab
681 2889 757 2948 urbe
779 2894 810 2948 et
831 2889 927 2949 aliam
948 2908 967 2948 a
988 2890 1074 2950 Cotti
1093 2909 1197 2965 regno,
1213 2889 1303 2950 dissi-

250 3011 279 3056 25
297 2996 416 3074 mulata
435 2995 560 3055 itineris
581 3013 683 3068 causa,
699 2993 831 3053 detectis
851 3000 979 3071 repente
999 2995 1094 3055 armis
1113 2994 1303 3054 concinenti-

296 3102 415 3178 busque
437 3099 537 3175 signis
557 3117 613 3177 per
634 3097 775 3158 diversas
797 3103 904 3177 portas
925 3098 958 3157 in
984 3099 1135 3177 oppidum
1158 3099 1301 3174 immisit,

297 3223 332 3264 ac
356 3211 475 3282 partem
502 3203 650 3264 maiorem
676 3202 839 3280 plebeiae
868 3203 1068 3263 decurionum
1093 3203 1126 3263 in
1151 3210 1302 3283 perpetua

296 3310 423 3370 vincula
444 3309 601 3378 coniecit..
627 3307 777 3368 Abolevit
799 3314 830 3368 et
855 3308 904 3368 ius
930 3327 1109 3386 moremque
1133 3310 1300 3388 asylorum,

297 3433 376 3493 quae
390 3433 522 3493 usquam
537 3418 637 3473 erant.
682 3413 846 3491 Cyzicenis
861 3412 895 3471 in
909 3412 994 3473 cives
1012 3415 1174 3475 Romanos
1188 3415 1303 3477 violeu-

250 3534 280 3579 30
296 3521 361 3581 tius
392 3520 543 3597 quaedam
573 3518 659 3578 ausis
690 3517 816 3597 publice
846 3518 1026 3578 libertatem
1055 3519 1182 3595 ademit,
1209 3539 1302 3597 quam

297 3624 513 3684 Mithridatico
527 3624 612 3685 bello
626 3628 814 3684 meruerant.

295 653 496 716 Suppressicncf

294 731 391 791 foreign
400 731 464 777 ritas

337 3727 481 3788 Hostiles
495 3733 608 3805 motus,
623 3729 712 3789 nulla
730 3734 841 3807 postea
859 3729 1059 3806 expeditione
1079 3735 1233 3808 suscepta,
1247 3749 1303 3808 per
