3106 4378
513 315 625 366 nmsn
648 317 697 368 1v.
747 316 777 366 c.
804 315 1001 370 claranus.
1223 304 1265 370 59

258 487 406 548 devotum
433 487 559 549 assidue
586 488 749 566 proscidit.
813 488 964 550 Infensus
997 490 1108 550 turbae
1142 490 1265 550 faventi

258 593 409 654 adversus
437 593 577 655 studium
605 613 705 667 suum,
735 593 941 654 exclamavit:
986 596 1111 657 (dinam
1132 597 1266 670 popalus

241 687 418 759 'Romanas
432 718 526 758 naam
540 701 680 758 cenricem
695 701 834 759 baberet!
859 699 1000 776 Cumque
1011 699 1172 760 Tetrinius
1184 700 1266 760 latro

257 804 479 881 postularetur,
492 812 519 864 et
530 806 784 880 quipostalarcnl,
801 806 950 865 Tetrinios
960 825 1022 864 essa
1033 805 1086 864 ait.
1130 805 1265 866 Ratiarii

257 909 391 969 tunicati
413 908 552 987 quinque
574 928 703 969 numero
724 909 878 985 gregatim
900 910 1087 971 dimicantes
1109 911 1176 971 sine
1205 921 1296 971 cer-5

257 1015 375 1075 tamine
386 1014 452 1074 ullo
463 1014 602 1074 totidem·
608 1014 802 1074 secutoribus
815 1015 1059 1092 succubuerant;
1082 1035 1151 1076 cum
1165 1017 1266 1077 occidi

258 1120 448 1195 iuberentur,
471 1139 553 1180 unus
581 1125 743 1198 resumpta
771 1120 897 1180 fuscina
926 1141 1034 1182 omnes
1059 1121 1194 1195 victores
1221 1122 1267 1182 in-

257 1225 402 1287 teremit:
431 1226 513 1286 hanc
527 1232 564 1285 ut
576 1226 827 1286 crudelissimam
842 1227 967 1286 caedem
981 1233 1013 1286 et
1023 1226 1151 1286 deflerit
1162 1227 1265 1287 edicto

205 1339 242 1390 31
258 1337 291 1392 et
305 1350 366 1407 eos,
382 1331 438 1408 qui
458 1336 600 1409 spectare
618 1331 854 1407 sustinuissent,
870 1337 1052 1393 exsecratus
1071 1338 1128 1392 est.
1170 1333 1266 1403 Queri

258 1437 354 1497 etiam
376 1436 483 1515 palam
507 1437 546 1496 de
571 1435 751 1496 conditione
776 1442 954 1514 temporum
981 1455 1106 1497 snorum
1136 1437 1264 1513 solebat,
1282 1445 1311 1491 10

258 1543 342 1620 quod
356 1541 454 1602 nullis
465 1541 698 1602 calamitatibus
710 1542 846 1620 publicis
858 1543 1088 1617 insignirentur
1098 1567 1106 1617 ;
1127 1543 1266 1619 Augusti

257 1647 470 1726 principatum
492 1647 580 1708 clade
594 1647 741 1724 Variana,
764 1647 871 1708 Tiberi
897 1647 990 1708 ruina
1018 1648 1264 1725 spectaculorum

258 1753 342 1831 apud
378 1753 515 1814 Fidenas
552 1753 787 1814 memorabilem
826 1754 955 1829 factum,
987 1773 1045 1814 suo
1075 1753 1265 1813 oblivionem

257 1858 420 1919 imminere
445 1860 654 1938 prosperitate
679 1880 800 1936 rerum3
829 1866 924 1938 atque
953 1859 1127 1918 identidem
1152 1860 1267 1919 exerci-

257 1969 347 2024 tuum
375 1965 496 2040 caedes,
531 1965 659 2040 famem,
691 1964 916 2043 pestilentiam,
952 1965 1107 2041 incendia,
1143 1963 1265 2024 hiatum
1283 1973 1312 2017 15

257 2069 396 2146 aliquem
410 2076 511 2130 terrae
525 2071 664 2148 optabat.

206 2188 244 2239 32
297 2174 450 2235 Animum
471 2194 595 2254 quoque
617 2176 793 2236 remittenti
814 2176 951 2254 ludoque
973 2183 1006 2238 et
1026 2175 1129 2255 epulis
1158 2175 1266 2235 dedito

257 2281 366 2341 eadem
380 2281 536 2341 factorum
547 2282 765 2360 dictorumque
777 2282 910 2342 saevitia
920 2283 1036 2344 aderat.

259 2386 357 2463 Saepe
371 2387 405 2445 in
418 2393 587 2464 conspectu
606 2387 792 2465 prandentis
806 2387 856 2446 vel
873 2387 1038 2447 comissau-
1063 2362 1202 2483 ffiffm
1219 2467 1221 2473 γ

257 2491 300 2551 tis
315 2492 414 2552 seriae
429 2492 627 2570 quaestiones
644 2511 700 2570 per
714 2497 870 2551 tormenta
884 2491 1038 2552 habeban-
1281 2501 1311 2546 ao

257 2603 318 2672 tur,
340 2597 431 2656 miles
457 2597 636 2657 decollandi
662 2597 781 2658 artifex
804 2597 1052 2675 quibuscumque
1077 2616 1093 2656 e
1121 2598 1266 2657 custodia

258 2701 364 2780 capita
387 2703 577 2780 amputabat.
620 2703 765 2764 Puteolis
795 2702 992 2763 dedicatione
1024 2703 1139 2780 pontis,
1171 2721 1264 2779 quem

257 2806 469 2883 excogitatum
485 2810 525 2869 ab
539 2828 575 2868 eo
590 2807 848 2885 significavimus,
863 2827 933 2867 cnm
950 2807 1065 2866 multos
1080 2826 1096 2866 e
1114 2807 1206 2866 litore
1221 2806 1265 2866 in·
1321 2878 1323 2882 ¹

257 2913 391 2973 vitasset
407 2913 448 2972 ad
467 2931 509 2987 se,
525 2917 654 2989 repente
674 2910 776 2971 omnis
795 2908 1027 2988 praecipitavit,
1043 2909 1194 2985 quosdam
1213 2928 1265 2984 gu·

258 3017 426 3078 bernacula
453 3017 726 3095 apprehendentes
754 3015 856 3075 contis
885 3013 1041 3090 remisque
1069 3013 1204 3074 detrusit
1230 3013 1263 3072 in
1281 3024 1310 3069 ao

258 3142 351 3184 mare.
394 3125 513 3182 Romae
526 3121 653 3201 publico
674 3121 768 3201 epulo
788 3139 912 3181 servum
932 3120 972 3180 ob
986 3119 1160 3178 detractam
1174 3117 1264 3179 lectis

258 3234 436 3304 argenteam
452 3227 603 3288 laminam
618 3226 757 3287 carnifici
772 3225 940 3285 confestim
961 3223 1104 3298 tradidit,
1119 3229 1156 3283 ut
1170 3223 1266 3284 mani-

258 3334 317 3394 bus
337 3333 469 3395 abscisis
485 3339 579 3410 atque
594 3338 668 3393 ante
685 3337 795 3410 pectus
815 3350 832 3390 e
852 3330 932 3391 collo
946 3329 1165 3408 pendentibus,
1182 3347 1267 3406 prae

259 3439 388 3499 cedente
407 3438 504 3498 titulo
529 3439 584 3515 qui
609 3457 735 3498 causam
755 3455 872 3515 poenae
895 3436 1058 3511 indicaret,
1082 3454 1139 3513 per
1159 3440 1265 3494 coetus

259 3544 454 3622 epulantium
466 3542 759 3603 circumduceretur.
803 3541 1038 3601 Murmillonem
1053 3541 1169 3615 eludo,
1185 3540 1267 3599 rudi·
1283 3553 1312 3598 eo

259 3649 319 3709 bus
332 3666 437 3710 secum
452 3649 649 3708 battuentem
659 3653 691 3707 ct
706 3652 818 3725 sponte
832 3651 1034 3724 prostratum,
1050 3645 1193 3705 confodit
1207 3645 1268 3704 fer·

260 3771 313 3814 rea
327 3753 436 3814 sicaac
445 3770 531 3812 more
542 3751 695 3812 victorum
707 3770 778 3812 cum
787 3751 894 3829 palma
902 3750 1100 3810 discucurrit.
1128 3750 1268 3809 Admota
