3078 4380
507 311 620 363 ursus
643 311 692 364 ru.
743 313 772 364 c.
799 311 997 364 CALIGULA.
1049 387 1053 396 v
1212 295 1256 362 47

247 486 352 547 culum
374 486 460 546 etin
480 484 656 563 proximam
676 484 838 544 civitatem
858 483 1041 544 demandari
1063 482 1256 542 animadver-

247 592 378 667 tissent3
400 597 475 650 tunc
494 591 620 650 demum
643 591 683 649 ad
703 588 936 668 paenitentiam
947 588 1030 648 versi
1052 605 1200 665 reprenso
1219 605 1255 647 ac

247 702 369 757 retento
383 695 537 770 vehicu10,
552 695 706 754 invidiam
722 713 801 772 quae
817 694 877 754 sibi
892 694 981 753 fieret
996 693 1154 771 deprecati
1171 697 1252 752 sunt.

196 815 233 866 10
247 802 422 863 Comitatus
437 806 486 862 cst
499 806 623 879 patrem
644 805 676 860 ct
698 800 828 878 Syriaca
848 798 1056 877 expeditione.
1101 798 1196 860 Unde
1210 816 1255 858 re·

245 926 355 968 versus
374 910 512 984 primum
526 907 560 965 in
574 905 694 980 matris,
710 905 823 965 deinde
838 924 876 964 ea
889 904 1028 980 relegata
1053 946 1098 993 Εἰ,
1109 947 1180 1006 early

246 1013 279 1072 in
300 1012 409 1072 Liviae
424 1013 587 1088 Augustae
608 1010 754 1089 proaviae
776 1029 848 1070 suae
866 1011 1027 1070 contuber-
1052 1023 1188 1080 yemand

197 1101 199 1107 ’
245 1117 299 1178 nio
322 1117 458 1193 mansit3
487 1137 582 1194 quam
605 1116 787 1176 defunctam
810 1121 1027 1193 praetextatus
1052 1097 1183 1143 ‘mm‘

245 1221 426 1281 etiamtunc
437 1240 494 1298 pro
505 1220 615 1280 rostris
627 1219 777 1278 laudavit.
815 1219 1017 1297 Transiitque
1027 1218 1069 1280 ad
1082 1219 1254 1280 Antoniam

245 1323 348 1395 aviam
366 1329 398 1383 et
417 1323 672 1383 undevicensimo
694 1322 808 1382 aetatis
830 1342 921 1398 anno,
936 1324 1054 1384 accitus
1077 1325 1212 1403 Capreas
1235 1345 1254 1386 a

245 1429 379 1504 Tiberio,
395 1449 457 1488 uno
472 1434 566 1506 atque
586 1429 693 1488 ecdem
716 1429 767 1488 die
787 1434 893 1505 togam
914 1430 1050 1506 sumpsit
1064 1430 1253 1508 barbamque
1270 1446 1297 1492 1c

244 1534 360 1612 posuit,
379 1515 446 1594 sinc
469 1534 535 1594 ullo
557 1534 674 1592 honore
699 1533 803 1610 qualis
826 1533 1001 1609 contigerat
1025 1535 1171 1594 tirocinio
1193 1536 1254 1595 fra

243 1644 329 1698 trum
345 1640 422 1700 cius.
465 1639 528 1698 Hic
547 1639 692 1698 omnibus
714 1638 841 1699 insidiis
863 1644 1037 1717 temptatus
1058 1631 1266 1700 elicientium'

244 1744 485 1821 cogentiumque
500 1763 533 1804 se
548 1744 587 1803 ad
602 1744 754 1821 querelas,
767 1744 888 1803 nullam
898 1764 1048 1822 umquam
1059 1745 1252 1805 occasionem

244 1849 341 1924 dedit,
356 1850 486 1927 perinde
501 1849 668 1909 obliterato
688 1868 814 1908 sucrum
829 1868 904 1909 casu
918 1868 954 1908 ac
969 1850 995 1910 si
1011 1849 1091 1908 nihil
1106 1841 1252 1928 cuiquam

244 1954 428 2030 accidissct3
452 1972 531 2030 quae
546 1973 620 2013 vero
639 1954 707 2031 ipse
726 1959 896 2031 pateretur,
912 1954 1089 2014 incredibili
1108 1955 1297 2020 dissimum

244 2059 360 2119 latione
375 2059 594 2119 transmittens
613 2059 757 2136 tantique
772 2059 806 2118 in
820 2078 914 2119 avum
934 2066 966 2118 et
986 2059 1040 2136 qui
1059 2059 1149 2119 iuxta
1162 2067 1252 2121 erant

229 2163 394 2241 obsequii,
409 2169 446 2223 ut
460 2184 523 2223 non
538 2164 696 2223 immerito
711 2163 753 2224 sit
767 2163 896 2239 dictum,
907 2184 959 2224 aec
969 2184 1087 2225 seruum
1100 2168 1251 2226 meliorem

193 2276 228 2325 11
244 2272 348 2344 ullium
370 2289 424 2328 nec
445 2273 621 2329 deteriorem
642 2273 800 2328 dominum
816 2271 925 2345 scisse.
967 2270 1122 2329 Naturam
1144 2275 1250 2330 tamen

244 2394 370 2435 saevam
385 2380 480 2452 atque
491 2375 673 2451 probrosam
684 2393 724 2433 ne
735 2380 812 2434 tunc
823 2374 951 2451 quidem
963 2374 1105 2434 inhibere
1116 2381 1249 2453 poterat,

244 2479 321 2557 quin
336 2485 368 2540 et
382 2479 704 2540 animadversionibus
719 2479 890 2557 poenisque
905 2480 945 2540 ad
961 2480 1151 2557 supplicium
1166 2481 1250 2542 dato
1267 2497 1296 2542 20

244 2604 311 2644 rum
322 2585 525 2663 cupidissime
534 2586 711 2661 interesset,
721 2592 753 2644 et
763 2604 877 2662 ganeas
889 2591 983 2662 atque
992 2585 1251 2664 adulteriacapil-

243 2689 381 2751 lamento
390 2690 509 2751 celatus
520 2696 552 2750 et
561 2696 649 2750 veste
661 2691 754 2768 longa
765 2691 910 2750 noctibus
925 2691 1034 2766 obiret,
1045 2710 1080 2750 ac
1093 2691 1249 2752 scaenicas

244 2796 381 2856 saltandi
398 2797 591 2874 canendique
607 2802 690 2857 artes
707 2796 939 2857 studiosissime
954 2801 1132 2874 appeteret;
1155 2796 1249 2856 facile

244 2901 278 2960 id
303 2920 377 2962 sanc
398 2901 526 2962 Tiberio
546 2903 696 2981 patiente,
717 2903 745 2962 si
766 2921 822 2980 per
841 2903 899 2962 has
921 2901 1120 2962 mansuefieri
1143 2907 1250 2978 posset

244 3006 347 3066 ferum
356 3006 425 3066 eius
435 3007 604 3084 ingenium.
633 3008 722 3078 Quod
732 3007 953 3084 sagacissimus
964 3026 1058 3066 senex
1068 3006 1113 3066 ita
1121 3026 1249 3084 prorsus
1266 3025 1295 3070 25

243 3118 454 3190 perspexerat,
477 3118 513 3172 ut
538 3113 728 3189 aliquotiens
753 3112 957 3191 praedicaret,
984 3112 1084 3172 exitio
1108 3131 1164 3172 suo
1189 3130 1250 3190 om-

243 3218 393 3295 niumque
403 3218 517 3278 Gaium
529 3218 634 3278 vivere
648 3224 724 3278 etse
739 3219 890 3277 natricem
904 3217 1076 3296 [serpentis
1091 3217 1124 3276 id
1133 3219 1248 3299 genus]

243 3322 360 3400 populo
374 3324 517 3382 Romano
531 3323 761 3382 Phaethontem
779 3322 847 3382 orbi
862 3328 1014 3382 terrarum
1031 3323 1171 3382 educare.

283 3429 355 3487 Non
379 3427 427 3486 ita
448 3428 547 3488 multo
569 3433 641 3505 post
662 3428 786 3487 Iamiam
806 3427 994 3488 Claudillam
1018 3429 1061 3487 M.
1079 3428 1178 3488 Silani
1200 3448 1250 3487 nc

193 3539 229 3590 12
243 3532 392 3594 bilissimi
403 3531 572 3591 virifiliam
584 3533 677 3592 duxit
687 3551 824 3592 uxorem.
861 3533 982 3592 Deinde
993 3552 1091 3609 augur
1102 3534 1137 3593 in
1148 3533 1251 3593 locum
1268 3548 1296 3593 30

243 3637 353 3698 fratris
377 3636 426 3698 sui
447 3637 543 3697 Drusi
566 3637 752 3712 destinatus,
778 3637 865 3716 prius
891 3657 986 3716 qnam
1011 3638 1251 3715 inauguraretur

244 3744 285 3803 ad
301 3742 520 3821 pontificatum
535 3742 699 3802 traductus
717 3748 766 3802 est
784 3741 903 3819 insigni
925 3743 1108 3803 testimonio
1122 3743 1251 3821 pietatis

1269 915 1285 962 5
