3106 4378
581 313 693 366 amna
717 313 765 364 vr.
819 313 925 364 1111.
1195 303 1257 366 121

253 485 353 563 doque
369 485 483 560 studio,
500 491 535 545 ut
548 485 779 546 conservandae
794 485 879 546 vocis
898 486 1000 562 gratia
1016 505 1116 564 neque
1138 487 1257 548 milites
1289 499 1291 503 “
1381 525 1391 544 .

251 609 410 668 umquam,
425 590 487 650 nisi
504 590 616 650 absens
633 595 688 650 aut
709 589 772 649 alio
791 591 887 651 verba
906 591 1139 669 pronuntiante,
1154 592 1258 670 appel-

252 696 333 756 laret
357 714 457 773 neque
483 677 653 772 quicquam
678 695 758 755 serio
784 695 890 754 iocoue
915 695 1022 771 egerit,
1047 696 1109 756 nisi
1135 702 1257 757 astante

252 801 418 879 phonascO,
439 799 493 877 qui
511 805 661 875 moneret,
676 810 816 876 parceret
837 805 958 860 arteriis
979 821 1015 860 cc
1035 805 1195 862 sudarium
1215 807 1258 862 cd

251 928 284 966 os
307 911 473 983 applicaret
479 926 492 980 ,·
517 905 690 983 multisque
713 907 765 965 vel
793 906 964 967 amicitiam
994 927 1082 966 suam
1106 908 1288 973 obtulerit5

251 1014 301 1072 vel
327 1012 520 1072 simultatem
544 1011 705 1087 indixerit,
730 1017 823 1089 prout
847 1011 980 1088 quisque
1005 1031 1038 1072 se
1063 1013 1162 1088 magis
1190 1033 1257 1091 par·
1339 1075 1341 1079 ,

251 1119 357 1178 ciusve
371 1117 540 1177 laudasset.

199 1229 237 1280 26
290 1223 514 1295 Petulantiam,
537 1222 711 1298 libidinem,
734 1221 902 1298 luxuriam,
928 1222 1102 1299 avaritiam,
1127 1223 1257 1282 crudeli-

251 1334 348 1388 tatem
367 1328 484 1388 sensim
503 1328 630 1404 quidem
651 1327 754 1406 primo
775 1333 807 1386 et
827 1327 948 1386 occulte
969 1332 1001 1386 et
1014 1328 1103 1388 velut
1123 1327 1256 1388 iuvenili

251 1452 353 1493 errore
370 1432 518 1507 exercuit,
539 1433 594 1492 sed
610 1438 646 1492 nt
663 1439 739 1494 tune
757 1451 880 1509 quoque
901 1432 1031 1491 dubium
1273 1450 1302 1494 10

251 1538 370 1598 nemini
391 1539 482 1612 foret,
501 1546 631 1597 naturae
654 1536 711 1597 illa
727 1536 815 1612 vitia,
833 1555 898 1596 non
918 1537 1032 1596 aetatis
1057 1513 1174 1634 {0⁸33ss

251 1663 326 1703 esse.
356 1645 434 1703 Post
444 1642 663 1720 crepusculum
674 1642 782 1702 statim
794 1642 924 1719 adrepto
935 1641 1032 1719 pilleo

251 1748 302 1808 vel
329 1748 434 1824 galero
465 1748 598 1826 popinas
629 1747 731 1806 inibat
765 1747 943 1823 circumque
970 1747 1055 1807 vicos
1084 1748 1257 1823 vagabatur

251 1852 453 1927 ludibundus,
479 1871 535 1912 nec
564 1852 632 1912 sine
657 1851 795 1930 pernicie
819 1857 934 1912 tamen.
987 1851 1149 1928 Siquidem
1174 1853 1257 1912 rede-

250 1957 337 2018 untis
357 1978 376 2017 a
393 1977 469 2018 cena
483 1957 646 2017 verberare
664 1975 700 2016 ac
720 1963 932 2035 repugnantes
946 1957 1111 2017 vulnerare
1133 1956 1257 2018 cloacis
1273 1978 1302 2023 11

251 2082 312 2138 que
344 2064 522 2138 demergere
550 2067 701 2137 assuerat,
729 2062 876 2122 tabernas
906 2063 1002 2123 etiam
1033 2062 1197 2138 effringere
1226 2068 1257 2122 et

251 2168 408 2251 eupilare3
441 2169 596 2244 quintana
620 2167 704 2227 domi
731 2167 913 2242 constituta,
938 2168 993 2228 ubi
1021 2173 1129 2245 partae
1157 2173 1189 2227 et
1216 2168 1257 2228 ad

126 2276 129 2282 '
206 2345 208 2351 Ι
247 2272 458 2333 licitationem
486 2273 675 2332 dividendae
702 2273 836 2350 praedae
864 2273 1001 2350 pretium
1032 2273 1254 2333 absumeretur.

250 2377 298 2437 Ac
313 2397 404 2455 saepe
420 2377 533 2438 ineius
551 2378 635 2437 modi
653 2377 731 2438 rixis
748 2377 908 2437 oculorum
930 2383 963 2438 et
976 2377 1061 2437 vitae
1082 2378 1255 2456 periculum

159 2557 162 2562 Ι
251 2483 339 2558 adiit,
362 2503 381 2543 a
405 2484 539 2560 quodam
565 2482 735 2557 laticlavia,
758 2484 846 2543 11111
870 2501 999 2542 uxorem
1025 2489 1255 2558 attrectaverat,
1272 2501 1303 2546 20

251 2607 347 2666 prope
362 2588 402 2648 ad
416 2607 522 2647 necem
539 2607 655 2648 111111.
699 2589 800 2658 Quare
815 2607 986 2665 numquam
1005 2593 1115 2666 postea
1131 2587 1256 2666 publico
1347 2628 1349 2633 ·

155 2771 158 2780 Ι
251 2713 284 2753 11
306 2693 387 2752 illud
411 2693 505 2753 horae
528 2693 595 2753 sine
616 2692 753 2753 tribunis
775 2692 933 2753 commisit
953 2685 1061 2771 procul
1082 2698 1115 2752 et
1136 2692 1256 2753 occulte

252 2798 522 2875 subsequentibus.
566 2794 860 2875 Interdiu'quoque
884 2797 965 2858 clam
986 2798 1157 2874 gestatoria
1178 2797 1257 2858 sella

252 2903 373 2963 delatus
389 2903 423 2961 in
437 2903 605 2978 theatrum,
623 2903 831 2964 seditionibus
850 2903 1113 2981 pantomimorum
1131 2923 1148 2962 1
1167 2899 1256 2981 parte

251 3008 424 3086 proscaenii
445 3009 603 3086 superiore
626 3009 759 3085 signifer
781 3008 931 3069 simulac
953 3015 1110 3087 spectator
1130 3009 1254 3085 aderat3
1272 3030 1302 3075 25
1359 3051 1362 3059 -

251 3119 283 3174 et
311 3133 382 3173 oum
410 3115 450 3174 ad
478 3135 589 3178 manus
616 3122 746 3175 ventum
774 3120 857 3175 esset
885 3114 1106 3193 lapidibusque
1131 3120 1163 3174 et
1188 3115 1257 3174 sub

251 3219 410 3280 selliorum
433 3221 642 3297 fragminibus
664 3221 891 3296 decerneretur,
914 3220 1014 3280 multa
1034 3226 1066 3280 et
1090 3221 1157 3298 ipse
1181 3219 1257 3280 iecit

251 3325 285 3384 in
310 3326 469 3403 populum,
496 3333 590 3404 atque
613 3328 709 3388 etiam
722 3326 887 3404 ⁸praeturis
912 3332 1007 3404 caput
1034 3325 1254 3386 consauciavit.

198 3440 237 3492 27
251 3429 410 3490 Paulatim
433 3450 508 3492 vero
535 3431 801 3492 invalescentibus
826 3431 923 3506 vitiis,
948 3431 1099 3491 iocularia
1126 3430 1257 3490 111111-

251 3535 322 3596 bras
336 3535 445 3597 omisit
461 3537 611 3614 nullaque
627 3536 849 3598 dissimulandi
869 3555 944 3596 cura
961 3536 1002 3596 ad
1021 3536 1139 3596 maiora
1152 3536 1256 3614 palam
1273 3553 1303 3598 ao

251 3640 362 3718 erupit.
575 3723 577 3727 ι

291 3745 410 3824 Epulas
431 3747 574 3809 emedio
595 3747 647 3812 die
672 3747 712 3808 ad
737 3747 873 3808 mediam
897 3752 1024 3808 noctem
1045 3746 1256 3825 protrahebat,
