3078 4380
556 306 668 357 amna
691 305 744 357 111.
794 285 976 358 riparius.
1229 295 1271 359 29
1325 323 1348 352 1·
1380 301 1383 307 ·

212 488 251 539 53
304 480 430 539 Nurum
444 478 664 557 Agrippinam,
680 483 753 557 post
765 477 874 540 mariti
887 484 1020 540 mortem
1037 478 1168 540 liberius
1182 479 1272 558 quid-

264 585 337 644 dam
352 590 504 662 questam,
520 603 615 644 mauu
629 583 839 670 apprehendit
854 585 1035 661 Graecoque
1049 603 1142 644 versu
1157 585 1196 645 Sc·
1209 605 1270 644 oola

264 693 442 765 dominaris,
457 689 570 767 inquit,
581 691 692 765 filiola,
707 692 857 750 iniuriam
871 697 897 748 te
911 693 1044 764 occipere
1069 731 1114 778 ωε
1127 731 1261 790 daughter·

264 797 439 855 emisimus?
459 813 524 882 =nec
547 793 614 854 ullo
636 812 709 852 mox
731 812 872 854 sermone
895 793 1043 871 dignatus
1069 805 1156 852 iri-law
1166 805 1256 866 Agrip-

264 906 319 962 est.
362 899 523 971 Quondam
539 918 613 959 vero
631 897 715 959 inter
734 918 842 960 cenam
864 906 1044 977 porrectas
1069 880 1128 939 ΡΜ
1284 919 1300 964 5

264 1025 297 1066 se
310 1024 404 1084 poma
417 1010 543 1081 gustare
556 1024 620 1064 non
635 1023 744 1065 ausam
761 1004 858 1064 etiam
872 1024 983 1065 vocare
997 1005 1102 1082 desiit,
1117 1005 1268 1067 simulans

262 1111 377 1172 veneni
396 1129 429 1171 se
448 1110 578 1170 crimine
597 1109 731 1186 accersi3
756 1129 828 1170 cum
848 1115 1080 1188 praestructum
1100 1117 1268 1190 utrumque

263 1216 406 1282 consulto
424 1221 516 1291 esset,
531 1220 568 1275 ut
585 1221 617 1275 et
634 1214 702 1294 ipse
715 1215 893 1293 temptandi
910 1215 1012 1291 gratia
1026 1216 1152 1276 offerret
1166 1223 1198 1276 et
1211 1216 1270 1277 illa

264 1323 355 1401 quasi
383 1321 594 1382 certissimum
619 1320 753 1381 exitium
776 1326 908 1380 caveret.
951 1321 1132 1382 Novissime
1155 1322 1269 1382 calum·
1300 1312 1303 1317 ’

262 1427 368 1488 niatus
398 1426 491 1486 modo
519 1427 560 1487 ad
589 1431 726 1491 statuam
755 1425 904 1506 Augusti·
922 1426 1014 1486 modo
1042 1426 1083 1486 ad
1112 1427 1268 1488 exercitus
1285 1443 1313 1488 10
1406 1440 1409 1448 '

263 1533 430 1608 confugere
457 1531 549 1608 velle,
577 1531 801 1592 Pandatariam
828 1530 990 1607 relegavit,
1015 1531 1269 1610 conviciantique

263 1638 395 1698 oculumv
413 1657 470 1715 per
497 1636 709 1697 centurionem
738 1635 918 1697 verberibus
946 1635 1094 1696 excussit.
1145 1637 1267 1698 Rursus
1371 1707 1372 1710 Ἴ

263 1743 341 1803 mori
369 1741 476 1803 inedia
503 1743 686 1818 destinanti,
710 1761 767 1820 per
791 1742 857 1802 vim
884 1761 936 1802 ore
961 1742 1099 1818 diducta
1124 1742 1268 1802 infulciri

263 1848 366 1909 cibum
387 1847 490 1908 iussit.
533 1847 648 1908 Sedet
672 1852 924 1926 perseverantem
952 1853 1046 1925 atque
1073 1846 1120 1908 ita
1147 1848 1268 1908 absum-

262 1959 350 2032 ptam
377 1952 634 2014 criminosissime
662 1952 834 2013 insectatus
859 1958 916 2028 est,
939 1971 1010 2012 cum
1035 1951 1119 2012 diem
1144 1973 1268 2031 quoque
1284 1965 1312 2012 15

263 2059 401 2119 natalem
425 2058 493 2118 eius
515 2059 598 2118 inter
619 2058 761 2119 nefastos
783 2057 983 2118 referendum
1005 2058 1165 2119 suasisset.
1207 2061 1269 2119 Im·

263 2165 388 2242 putavit
402 2164 507 2240 etiam,
519 2164 602 2242 quod
612 2163 676 2222 nou
690 2162 802 2241 laqueo
812 2163 1040 2239 strangulatam
1052 2164 1086 2223 in
1098 2164 1266 2225 Gemonias

263 2268 425 2346 abiecerit;
448 2287 566 2347 proque
580 2268 640 2328 tali
659 2268 826 2328 clementia
842 2268 1002 2346 interponi
1020 2269 1179 2329 decretum
1199 2289 1268 2348 pas-

263 2395 316 2436 sus
340 2382 396 2452 est,
420 2393 483 2453 quo
505 2373 567 2434 sibi
592 2374 711 2450 gratiae
736 2378 904 2450 agerentur
929 2379 961 2434 et
989 2373 1168 2452 Capitolino
1196 2376 1268 2435 Iovi

262 2482 377 2541 donum
393 2498 432 2539 ex
446 2498 522 2540 auro
537 2483 720 2540 sacraretur.
1282 2490 1313 2535 au

209 2599 248 2650 54
302 2586 382 2647 Cum
396 2604 435 2644 ex
450 2583 636 2645 Germanico
652 2589 718 2644 tres
735 2589 875 2662 nepotes,
894 2585 1054 2644 Neronem
1075 2590 1107 2644 et
1127 2587 1265 2646 Drusum

262 2696 294 2750 et
313 2691 435 2771 Gaium,
451 2709 491 2749 ox
509 2690 613 2749 Druso
633 2708 731 2749 unum
751 2689 912 2749 Tiberium
933 2688 1072 2764 haberet,
1094 2690 1266 2750 destitutus

262 2802 361 2856 morte
375 2796 544 2856 liberorum
559 2794 713 2855 maximos
723 2801 801 2854 natu
812 2795 852 2855 de
863 2793 1042 2855 Germanici
1090 2861 1095 2872 ¹

261 2900 346 2977 filiis,
361 2902 518 2960 Neronem
535 2905 567 2960 et
584 2901 732 2976 Drusum,
747 2899 890 2979 patribus
909 2899 1041 2960 consori-
1065 2861 1111 2907 ω’
1127 2861 1266 2920 mm

261 3007 326 3085 ptis
346 3005 579 3066 commendavit
600 3004 746 3082 diemque
766 3005 930 3082 utriusque
951 3005 1092 3064 tirocinii
1108 3004 1266 3082 congiario
1282 3019 1311 3066 25

261 3111 365 3190 plebei
387 3113 462 3172 dato
483 3110 661 3171 celebravit.
705 3110 767 3170 Sed
790 3114 826 3170 ut
847 3110 1009 3188 comperit,
1032 3110 1160 3170 ineunte
1185 3130 1266 3170 anno

261 3236 318 3296 pro
337 3213 444 3278 eor'um
463 3235 587 3295 quoque
604 3217 706 3276 salute
719 3215 846 3294 publico
859 3221 933 3276 vota
947 3223 1100 3294 suscepta,
1115 3215 1181 3292 egit
1196 3235 1266 3276 cum

263 3331 381 3400 senatu,
407 3344 468 3384 oon
493 3327 596 3384 uetere
620 3327 697 3384 tolio
719 3326 862 3398 proemia
886 3325 979 3382 tribui
1003 3325 1065 3381 nisi
1088 3325 1216 3400 expertis
1241 3331 1268 3382 et

262 3439 356 3491 aetate
372 3435 542 3508 provectis:
572 3436 666 3508 atque
689 3449 728 3489 ex
750 3449 795 3503 eo,
819 3430 978 3507 patefacta
999 3428 1148 3488 interiore
1169 3426 1267 3488 animi

263 3537 312 3597 sui
321 3544 406 3615 nota,
416 3537 553 3598 omnium
567 3535 839 3597 criminationibus
850 3535 1000 3597 obnoxios
1011 3535 1159 3609 reddidit,
1169 3533 1268 3594 varia-
1283 3549 1312 3594 30

263 3662 323 3721 que
343 3644 455 3704 fraude
475 3643 632 3718 inductos,
653 3647 690 3703 ut
710 3647 743 3702 et
763 3642 994 3703 concitarentur
1015 3642 1055 3701 ad
1076 3639 1217 3700 convicia
1235 3644 1267 3699 et

262 3748 410 3810 concitati
431 3749 648 3827 proderentur,
669 3747 830 3808 accusavit
850 3766 906 3825 per
926 3746 1051 3807 litteras
1073 3743 1267 3806 amarissime
