<?xml version="1.0" encoding="UTF-8"?>
<!DOCTYPE html PUBLIC "-//W3C//DTD XHTML 1.0 Transitional//EN"
    "http://www.w3.org/TR/xhtml1/DTD/xhtml1-transitional.dtd">
<html xmlns="http://www.w3.org/1999/xhtml" xml:lang="en" lang="en">
 <head>
  <title>
</title>
<meta http-equiv="Content-Type" content="text/html;charset=utf-8" />
  <meta name='ocr-system' content='tesseract 3.04.00' />
  <meta name='ocr-capabilities' content='ocr_page ocr_carea ocr_par ocr_line ocrx_word'/>
</head>
<body>
  <div class='ocr_page' id='page_1' title='image "./gaisuetonitranq01pikegoog_0120.png"; bbox 0 0 3106 4378; ppageno 0'>
   <div class='ocr_carea' id='block_1_1' title="bbox 283 295 1235 382">
    <p class='ocr_par' dir='ltr' id='par_1_1' title="bbox 283 295 1235 382">
     <span class='ocr_line' id='line_1_1' title="bbox 283 295 1235 382; baseline 0.004 -36"><span class='ocrx_word' id='word_1_1' title='bbox 283 297 324 360; x_wconf 85' lang='grc'><strong>88</strong></span> <span class='ocrx_word' id='word_1_2' title='bbox 359 295 389 348; x_wconf 84' lang='lat' dir='ltr'><strong>C.</strong></span> <span class='ocrx_word' id='word_1_3' title='bbox 413 296 570 348; x_wconf 78' lang='lat' dir='ltr'>SUETONI</span> <span class='ocrx_word' id='word_1_4' title='bbox 592 296 820 382; x_wconf 71' lang='lat' dir='ltr'><strong>TRANQUILaI</strong></span> <span class='ocrx_word' id='word_1_5' title='bbox 843 299 892 348; x_wconf 80' lang='lat' dir='ltr'><strong>DE</strong></span> <span class='ocrx_word' id='word_1_6' title='bbox 916 298 1008 349; x_wconf 80' lang='lat' dir='ltr'>VITA</span> <span class='ocrx_word' id='word_1_7' title='bbox 1031 297 1235 350; x_wconf 80' lang='lat' dir='ltr'>CAESARUM</span> 
     </span>
    </p>
   </div>
   <div class='ocr_carea' id='block_1_2' title="bbox 234 481 1340 3834">
    <p class='ocr_par' dir='ltr' id='par_1_2' title="bbox 236 481 1290 2563">
     <span class='ocr_line' id='line_1_2' title="bbox 282 481 1290 562; baseline 0.005 -22"><span class='ocrx_word' id='word_1_8' title='bbox 282 481 432 542; x_wconf 85' lang='lat' dir='ltr'><strong>leviorem</strong></span> <span class='ocrx_word' id='word_1_9' title='bbox 452 483 610 544; x_wconf 89' lang='lat' dir='ltr'><strong>maiestati</strong></span> <span class='ocrx_word' id='word_1_10' title='bbox 631 483 800 562; x_wconf 91' lang='lat' dir='ltr'><strong>principali</strong></span> <span class='ocrx_word' id='word_1_11' title='bbox 818 483 947 544; x_wconf 90' lang='lat' dir='ltr'><strong>titulum</strong></span> <span class='ocrx_word' id='word_1_12' title='bbox 963 483 1168 545; x_wconf 74' lang='lat' dir='ltr'><strong>arbitraretur</strong></span> <span class='ocrx_word' id='word_1_13' title='bbox 1183 484 1290 545; x_wconf 78' lang='lat' dir='ltr'><strong>vellet</strong></span> 
     </span>
     <span class='ocr_line' id='line_1_3' title="bbox 282 587 1289 667; baseline 0.002 -19"><span class='ocrx_word' id='word_1_14' title='bbox 282 607 343 666; x_wconf 89' lang='lat' dir='ltr'><strong>que</strong></span> <span class='ocrx_word' id='word_1_15' title='bbox 372 587 449 648; x_wconf 89' lang='lat' dir='ltr'><strong>iusti</strong></span> <span class='ocrx_word' id='word_1_16' title='bbox 473 587 630 667; x_wconf 91' lang='lat' dir='ltr'><strong>triumphi</strong></span> <span class='ocrx_word' id='word_1_17' title='bbox 654 589 758 664; x_wconf 90' lang='lat' dir='ltr'><strong>decus,</strong></span> <span class='ocrx_word' id='word_1_18' title='bbox 783 589 866 648; x_wconf 91' lang='lat' dir='ltr'><strong>unde</strong></span> <span class='ocrx_word' id='word_1_19' title='bbox 889 589 1070 667; x_wconf 75' lang='lat' dir='ltr'><strong>adquireret</strong></span> <span class='ocrx_word' id='word_1_20' title='bbox 1091 589 1289 650; x_wconf 80' lang='lat' dir='ltr'><strong>Britanniam</strong></span> 
     </span>
     <span class='ocr_line' id='line_1_4' title="bbox 505 692 1290 774; baseline 0.004 -22"><span class='ocrx_word' id='word_1_21' title='bbox 505 693 706 771; x_wconf 87' lang='lat' dir='ltr'><strong>potissimum</strong></span> <span class='ocrx_word' id='word_1_22' title='bbox 733 692 838 769; x_wconf 87' lang='lat' dir='ltr'><strong>elegit,</strong></span> <span class='ocrx_word' id='word_1_23' title='bbox 871 712 973 772; x_wconf 91' lang='lat' dir='ltr'><strong>neque</strong></span> <span class='ocrx_word' id='word_1_24' title='bbox 1008 700 1195 774; x_wconf 82' lang='lat' dir='ltr'><strong>temptatam</strong></span> <span class='ocrx_word' id='word_1_25' title='bbox 1230 695 1290 755; x_wconf 91' lang='lat' dir='ltr'><strong>ulli</strong></span> 
     </span>
     <span class='ocr_line' id='line_1_5' title="bbox 281 758 1290 882; baseline 0.004 -25"><span class='ocrx_word' id='word_1_26' title='bbox 281 760 399 882; x_wconf 44' lang='lat' dir='ltr'><strong>&amp;mn</strong></span> <span class='ocrx_word' id='word_1_27' title='bbox 413 758 440 806; x_wconf 46' lang='grc' dir='ltr'><strong>οἱ</strong></span> <span class='ocrx_word' id='word_1_28' title='bbox 506 803 579 877; x_wconf 90' lang='lat' dir='ltr'><strong>post</strong></span> <span class='ocrx_word' id='word_1_29' title='bbox 594 798 709 858; x_wconf 86' lang='lat' dir='ltr'><strong>Divum</strong></span> <span class='ocrx_word' id='word_1_30' title='bbox 726 798 845 858; x_wconf 90' lang='lat' dir='ltr'><strong>Iulium</strong></span> <span class='ocrx_word' id='word_1_31' title='bbox 860 805 892 859; x_wconf 93' lang='lat' dir='ltr'><strong>et</strong></span> <span class='ocrx_word' id='word_1_32' title='bbox 905 804 981 859; x_wconf 95' lang='lat' dir='ltr'><strong>tunc</strong></span> <span class='ocrx_word' id='word_1_33' title='bbox 992 801 1239 861; x_wconf 88' lang='lat' dir='ltr'><strong>tumultuantem</strong></span> <span class='ocrx_word' id='word_1_34' title='bbox 1250 802 1290 861; x_wconf 93' lang='lat' dir='ltr'><strong>ob</strong></span> 
     </span>
     <span class='ocr_line' id='line_1_6' title="bbox 252 902 1290 980; baseline 0.007 -19"><span class='ocrx_word' id='word_1_35' title='bbox 252 923 267 969; x_wconf 81' lang='lat' dir='ltr'><strong>t</strong></span> <span class='ocrx_word' id='word_1_36' title='bbox 505 922 569 963; x_wconf 90' lang='lat' dir='ltr'><strong>non</strong></span> <span class='ocrx_word' id='word_1_37' title='bbox 583 902 722 964; x_wconf 91' lang='lat' dir='ltr'><strong>redditos</strong></span> <span class='ocrx_word' id='word_1_38' title='bbox 738 905 928 980; x_wconf 83' lang='lat' dir='ltr'><strong>transfugae.</strong></span> <span class='ocrx_word' id='word_1_39' title='bbox 973 906 1046 965; x_wconf 91' lang='lat' dir='ltr'><strong>Huc</strong></span> <span class='ocrx_word' id='word_1_40' title='bbox 1060 924 1130 965; x_wconf 90' lang='lat' dir='ltr'><strong>cum</strong></span> <span class='ocrx_word' id='word_1_41' title='bbox 1142 907 1182 966; x_wconf 90' lang='lat' dir='ltr'><strong>ab</strong></span> <span class='ocrx_word' id='word_1_42' title='bbox 1199 906 1290 968; x_wconf 85' lang='lat' dir='ltr'><strong>Ostia</strong></span> 
     </span>
     <span class='ocr_line' id='line_1_7' title="bbox 282 1008 1289 1090; baseline 0.004 -21"><span class='ocrx_word' id='word_1_43' title='bbox 282 1009 455 1086; x_wconf 87' lang='lat' dir='ltr'><strong>navigaret,</strong></span> <span class='ocrx_word' id='word_1_44' title='bbox 469 1008 649 1070; x_wconf 89' lang='lat' dir='ltr'><strong>vehementi</strong></span> <span class='ocrx_word' id='word_1_45' title='bbox 665 1008 761 1069; x_wconf 90' lang='lat' dir='ltr'><strong>circio</strong></span> <span class='ocrx_word' id='word_1_46' title='bbox 771 1009 821 1069; x_wconf 91' lang='lat' dir='ltr'><strong>bis</strong></span> <span class='ocrx_word' id='word_1_47' title='bbox 836 1028 934 1087; x_wconf 90' lang='lat' dir='ltr'><strong>paene</strong></span> <span class='ocrx_word' id='word_1_48' title='bbox 944 1010 1105 1072; x_wconf 89' lang='lat' dir='ltr'><strong>demersus</strong></span> <span class='ocrx_word' id='word_1_49' title='bbox 1120 1016 1177 1088; x_wconf 89' lang='lat' dir='ltr'><strong>est,</strong></span> <span class='ocrx_word' id='word_1_50' title='bbox 1192 1030 1289 1090; x_wconf 89' lang='lat' dir='ltr'><strong>prope</strong></span> 
     </span>
     <span class='ocr_line' id='line_1_8' title="bbox 283 1114 1290 1193; baseline 0.002 -19"><span class='ocrx_word' id='word_1_51' title='bbox 283 1114 443 1190; x_wconf 83' lang='lat' dir='ltr'><strong>Liguriam</strong></span> <span class='ocrx_word' id='word_1_52' title='bbox 458 1115 609 1193; x_wconf 87' lang='lat' dir='ltr'><strong>iuxtaque</strong></span> <span class='ocrx_word' id='word_1_53' title='bbox 625 1114 817 1175; x_wconf 87' lang='lat' dir='ltr'><strong>Stoechadas</strong></span> <span class='ocrx_word' id='word_1_54' title='bbox 832 1115 961 1176; x_wconf 89' lang='lat' dir='ltr'><strong>insulas.</strong></span> <span class='ocrx_word' id='word_1_55' title='bbox 1003 1116 1105 1187; x_wconf 80' lang='lat' dir='ltr'><strong>Quare</strong></span> <span class='ocrx_word' id='word_1_56' title='bbox 1116 1135 1135 1176; x_wconf 91' lang='lat' dir='ltr'><strong>a</strong></span> <span class='ocrx_word' id='word_1_57' title='bbox 1145 1116 1290 1177; x_wconf 84' lang='lat' dir='ltr'><strong>Massilia</strong></span> 
     </span>
     <span class='ocr_line' id='line_1_9' title="bbox 283 1220 1290 1300; baseline 0.001 -19"><span class='ocrx_word' id='word_1_58' title='bbox 283 1220 485 1281; x_wconf 83' lang='lat' dir='ltr'><strong>Gesoriacum</strong></span> <span class='ocrx_word' id='word_1_59' title='bbox 505 1239 605 1298; x_wconf 90' lang='lat' dir='ltr'><strong>usque</strong></span> <span class='ocrx_word' id='word_1_60' title='bbox 626 1221 765 1300; x_wconf 87' lang='lat' dir='ltr'><strong>pedestri</strong></span> <span class='ocrx_word' id='word_1_61' title='bbox 787 1220 901 1280; x_wconf 91' lang='lat' dir='ltr'><strong>itinere</strong></span> <span class='ocrx_word' id='word_1_62' title='bbox 922 1221 1074 1297; x_wconf 84' lang='lat' dir='ltr'><strong>confecto,</strong></span> <span class='ocrx_word' id='word_1_63' title='bbox 1096 1221 1170 1280; x_wconf 93' lang='lat' dir='ltr'><strong>inde</strong></span> <span class='ocrx_word' id='word_1_64' title='bbox 1191 1226 1290 1282; x_wconf 86' lang='lat' dir='ltr'><strong>trans·</strong></span> 
     </span>
     <span class='ocr_line' id='line_1_10' title="bbox 282 1326 1289 1406; baseline 0.003 -21"><span class='ocrx_word' id='word_1_65' title='bbox 282 1326 380 1401; x_wconf 90' lang='lat' dir='ltr'><strong>misit,</strong></span> <span class='ocrx_word' id='word_1_66' title='bbox 395 1345 431 1386; x_wconf 89' lang='lat' dir='ltr'><strong>ac</strong></span> <span class='ocrx_word' id='word_1_67' title='bbox 446 1326 513 1386; x_wconf 90' lang='lat' dir='ltr'><strong>sine</strong></span> <span class='ocrx_word' id='word_1_68' title='bbox 527 1326 593 1386; x_wconf 95' lang='lat' dir='ltr'><strong>ullo</strong></span> <span class='ocrx_word' id='word_1_69' title='bbox 607 1326 726 1405; x_wconf 91' lang='lat' dir='ltr'><strong>proelio</strong></span> <span class='ocrx_word' id='word_1_70' title='bbox 741 1331 797 1387; x_wconf 88' lang='lat' dir='ltr'><strong>aut</strong></span> <span class='ocrx_word' id='word_1_71' title='bbox 813 1327 965 1402; x_wconf 90' lang='lat' dir='ltr'><strong>sanguine</strong></span> <span class='ocrx_word' id='word_1_72' title='bbox 985 1327 1070 1387; x_wconf 90' lang='lat' dir='ltr'><strong>intra</strong></span> <span class='ocrx_word' id='word_1_73' title='bbox 1083 1327 1289 1406; x_wconf 91' lang='lat' dir='ltr'><strong>paucissimos</strong></span> 
     </span>
     <span class='ocr_line' id='line_1_11' title="bbox 238 1431 1289 1511; baseline 0.002 -21"><span class='ocrx_word' id='word_1_74' title='bbox 238 1445 267 1490; x_wconf 90' lang='lat'><strong>10</strong></span> <span class='ocrx_word' id='word_1_75' title='bbox 283 1431 349 1491; x_wconf 92' lang='lat' dir='ltr'><strong>dies</strong></span> <span class='ocrx_word' id='word_1_76' title='bbox 364 1437 452 1508; x_wconf 87' lang='lat' dir='ltr'><strong>parte</strong></span> <span class='ocrx_word' id='word_1_77' title='bbox 466 1431 589 1492; x_wconf 88' lang='lat' dir='ltr'><strong>insulae</strong></span> <span class='ocrx_word' id='word_1_78' title='bbox 603 1432 637 1490; x_wconf 90' lang='lat' dir='ltr'><strong>in</strong></span> <span class='ocrx_word' id='word_1_79' title='bbox 652 1431 843 1492; x_wconf 89' lang='lat' dir='ltr'><strong>deditionem</strong></span> <span class='ocrx_word' id='word_1_80' title='bbox 859 1437 993 1510; x_wconf 89' lang='lat' dir='ltr'><strong>recepta,</strong></span> <span class='ocrx_word' id='word_1_81' title='bbox 1010 1438 1099 1492; x_wconf 82' lang='lat' dir='ltr'><strong>sexto</strong></span> <span class='ocrx_word' id='word_1_82' title='bbox 1114 1451 1208 1510; x_wconf 91' lang='lat' dir='ltr'><strong>quam</strong></span> <span class='ocrx_word' id='word_1_83' title='bbox 1222 1452 1289 1511; x_wconf 85' lang='lat' dir='ltr'><strong>pro</strong></span> 
     </span>
     <span class='ocr_line' id='line_1_12' title="bbox 282 1537 1289 1618; baseline 0.002 -22"><span class='ocrx_word' id='word_1_84' title='bbox 282 1537 388 1596; x_wconf 80' lang='lat' dir='ltr'><strong>fectus</strong></span> <span class='ocrx_word' id='word_1_85' title='bbox 401 1542 468 1596; x_wconf 91' lang='lat' dir='ltr'><strong>erat</strong></span> <span class='ocrx_word' id='word_1_86' title='bbox 482 1555 587 1597; x_wconf 89' lang='lat' dir='ltr'><strong>meuse</strong></span> <span class='ocrx_word' id='word_1_87' title='bbox 602 1538 735 1597; x_wconf 85' lang='lat' dir='ltr'><strong>Romam</strong></span> <span class='ocrx_word' id='word_1_88' title='bbox 751 1539 856 1614; x_wconf 91' lang='lat' dir='ltr'><strong>rediit,</strong></span> <span class='ocrx_word' id='word_1_89' title='bbox 868 1538 1142 1618; x_wconf 86' lang='lat' dir='ltr'><strong>triumphavitque</strong></span> <span class='ocrx_word' id='word_1_90' title='bbox 1152 1538 1289 1598; x_wconf 83' lang='lat' dir='ltr'><strong>maximo</strong></span> 
     </span>
     <span class='ocr_line' id='line_1_13' title="bbox 282 1639 1289 1721; baseline 0.001 -19"><span class='ocrx_word' id='word_1_91' title='bbox 282 1648 444 1721; x_wconf 88' lang='lat' dir='ltr'><strong>apparatu.</strong></span> <span class='ocrx_word' id='word_1_92' title='bbox 486 1639 540 1701; x_wconf 84' lang='lat' dir='ltr'><strong>Ad</strong></span> <span class='ocrx_word' id='word_1_93' title='bbox 548 1643 637 1702; x_wconf 93' lang='lat' dir='ltr'><strong>cuius</strong></span> <span class='ocrx_word' id='word_1_94' title='bbox 650 1643 863 1721; x_wconf 89' lang='lat' dir='ltr'><strong>spectaculum</strong></span> <span class='ocrx_word' id='word_1_95' title='bbox 877 1663 1048 1704; x_wconf 89' lang='lat' dir='ltr'><strong>commeare</strong></span> <span class='ocrx_word' id='word_1_96' title='bbox 1060 1643 1094 1702; x_wconf 94' lang='lat' dir='ltr'><strong>in</strong></span> <span class='ocrx_word' id='word_1_97' title='bbox 1103 1645 1211 1705; x_wconf 91' lang='lat' dir='ltr'><strong>urbem</strong></span> <span class='ocrx_word' id='word_1_98' title='bbox 1225 1653 1289 1704; x_wconf 87' lang='lat' dir='ltr'><strong>non</strong></span> 
     </span>
     <span class='ocr_line' id='line_1_14' title="bbox 283 1747 1288 1827; baseline 0.003 -21"><span class='ocrx_word' id='word_1_99' title='bbox 283 1747 384 1807; x_wconf 92' lang='lat' dir='ltr'><strong>solum</strong></span> <span class='ocrx_word' id='word_1_100' title='bbox 409 1747 606 1825; x_wconf 85' lang='lat' dir='ltr'><strong>praesidibus</strong></span> <span class='ocrx_word' id='word_1_101' title='bbox 628 1749 861 1827; x_wconf 85' lang='lat' dir='ltr'><strong>provinciarum</strong></span> <span class='ocrx_word' id='word_1_102' title='bbox 885 1748 1039 1827; x_wconf 88' lang='lat' dir='ltr'><strong>permisit,</strong></span> <span class='ocrx_word' id='word_1_103' title='bbox 1062 1768 1170 1809; x_wconf 85' lang='lat' dir='ltr'><strong>verum</strong></span> <span class='ocrx_word' id='word_1_104' title='bbox 1193 1749 1288 1809; x_wconf 90' lang='lat' dir='ltr'><strong>etiam</strong></span> 
     </span>
     <span class='ocr_line' id='line_1_15' title="bbox 283 1852 1288 1932; baseline 0.002 -20"><span class='ocrx_word' id='word_1_105' title='bbox 283 1852 444 1913; x_wconf 88' lang='lat' dir='ltr'><strong>exsulibus</strong></span> <span class='ocrx_word' id='word_1_106' title='bbox 460 1852 664 1930; x_wconf 79' lang='lat' dir='ltr'><strong>quibusdam3</strong></span> <span class='ocrx_word' id='word_1_107' title='bbox 688 1859 782 1931; x_wconf 92' lang='lat' dir='ltr'><strong>atque</strong></span> <span class='ocrx_word' id='word_1_108' title='bbox 793 1855 876 1914; x_wconf 90' lang='lat' dir='ltr'><strong>inter</strong></span> <span class='ocrx_word' id='word_1_109' title='bbox 888 1853 1019 1915; x_wconf 89' lang='lat' dir='ltr'><strong>hostilia</strong></span> <span class='ocrx_word' id='word_1_110' title='bbox 1033 1855 1135 1932; x_wconf 91' lang='lat' dir='ltr'><strong>spolia</strong></span> <span class='ocrx_word' id='word_1_111' title='bbox 1146 1855 1288 1914; x_wconf 86' lang='lat' dir='ltr'><strong>navalem</strong></span> 
     </span>
     <span class='ocr_line' id='line_1_16' title="bbox 238 1958 1287 2037; baseline 0.007 -24"><span class='ocrx_word' id='word_1_112' title='bbox 238 1969 266 2013; x_wconf 84' lang='lat'><strong>15</strong></span> <span class='ocrx_word' id='word_1_113' title='bbox 282 1976 427 2017; x_wconf 90' lang='lat' dir='ltr'><strong>coronam</strong></span> <span class='ocrx_word' id='word_1_114' title='bbox 455 1958 585 2034; x_wconf 86' lang='lat' dir='ltr'><strong>fastigio</strong></span> <span class='ocrx_word' id='word_1_115' title='bbox 613 1958 778 2020; x_wconf 87' lang='lat' dir='ltr'><strong>Palatinae</strong></span> <span class='ocrx_word' id='word_1_116' title='bbox 803 1960 914 2021; x_wconf 90' lang='lat' dir='ltr'><strong>domus</strong></span> <span class='ocrx_word' id='word_1_117' title='bbox 938 1961 1029 2021; x_wconf 86' lang='lat' dir='ltr'><strong>iuxta</strong></span> <span class='ocrx_word' id='word_1_118' title='bbox 1053 1961 1184 2021; x_wconf 89' lang='lat' dir='ltr'><strong>civicam</strong></span> <span class='ocrx_word' id='word_1_119' title='bbox 1207 1959 1287 2037; x_wconf 86' lang='lat' dir='ltr'><strong>fixit,</strong></span> 
     </span>
     <span class='ocr_line' id='line_1_17' title="bbox 282 2063 1288 2142; baseline 0.003 -19"><span class='ocrx_word' id='word_1_120' title='bbox 282 2063 407 2123; x_wconf 90' lang='lat' dir='ltr'><strong>traiecti</strong></span> <span class='ocrx_word' id='word_1_121' title='bbox 432 2069 464 2122; x_wconf 90' lang='lat' dir='ltr'><strong>et</strong></span> <span class='ocrx_word' id='word_1_122' title='bbox 489 2064 580 2140; x_wconf 90' lang='lat' dir='ltr'><strong>quasi</strong></span> <span class='ocrx_word' id='word_1_123' title='bbox 604 2064 716 2125; x_wconf 88' lang='lat' dir='ltr'><strong>domiti</strong></span> <span class='ocrx_word' id='word_1_124' title='bbox 742 2063 858 2125; x_wconf 82' lang='lat' dir='ltr'><strong>Oceani</strong></span> <span class='ocrx_word' id='word_1_125' title='bbox 886 2065 1018 2142; x_wconf 90' lang='lat' dir='ltr'><strong>insigne.</strong></span> <span class='ocrx_word' id='word_1_126' title='bbox 1063 2066 1195 2126; x_wconf 81' lang='lat' dir='ltr'><strong>Currum</strong></span> <span class='ocrx_word' id='word_1_127' title='bbox 1220 2066 1288 2126; x_wconf 91' lang='lat' dir='ltr'><strong>eius</strong></span> 
     </span>
     <span class='ocr_line' id='line_1_18' title="bbox 283 2168 1289 2251; baseline 0.004 -23"><span class='ocrx_word' id='word_1_128' title='bbox 283 2168 455 2228; x_wconf 89' lang='lat' dir='ltr'><strong>Messalina</strong></span> <span class='ocrx_word' id='word_1_129' title='bbox 465 2188 544 2228; x_wconf 89' lang='lat' dir='ltr'><strong>uxor</strong></span> <span class='ocrx_word' id='word_1_130' title='bbox 555 2176 704 2247; x_wconf 90' lang='lat' dir='ltr'><strong>carpento</strong></span> <span class='ocrx_word' id='word_1_131' title='bbox 718 2177 826 2232; x_wconf 90' lang='lat' dir='ltr'><strong>secuta</strong></span> <span class='ocrx_word' id='word_1_132' title='bbox 840 2177 905 2248; x_wconf 80' lang='lat' dir='ltr'><strong>est3</strong></span> <span class='ocrx_word' id='word_1_133' title='bbox 929 2172 1028 2232; x_wconf 89' lang='lat' dir='ltr'><strong>secuti</strong></span> <span class='ocrx_word' id='word_1_134' title='bbox 1040 2178 1072 2232; x_wconf 94' lang='lat' dir='ltr'><strong>et</strong></span> <span class='ocrx_word' id='word_1_135' title='bbox 1082 2171 1289 2251; x_wconf 88' lang='lat' dir='ltr'><strong>triumphalia</strong></span> 
     </span>
     <span class='ocr_line' id='line_1_19' title="bbox 283 2275 1289 2356; baseline 0.003 -23"><span class='ocrx_word' id='word_1_136' title='bbox 283 2278 466 2334; x_wconf 88' lang='lat' dir='ltr'><strong>ornamenta</strong></span> <span class='ocrx_word' id='word_1_137' title='bbox 487 2275 595 2334; x_wconf 90' lang='lat' dir='ltr'><strong>eodem</strong></span> <span class='ocrx_word' id='word_1_138' title='bbox 616 2275 700 2336; x_wconf 88' lang='lat' dir='ltr'><strong>bello</strong></span> <span class='ocrx_word' id='word_1_139' title='bbox 722 2277 837 2354; x_wconf 87' lang='lat' dir='ltr'><strong>adepti,</strong></span> <span class='ocrx_word' id='word_1_140' title='bbox 855 2277 910 2338; x_wconf 89' lang='lat' dir='ltr'><strong>sed</strong></span> <span class='ocrx_word' id='word_1_141' title='bbox 931 2279 1027 2337; x_wconf 90' lang='lat' dir='ltr'><strong>ceteri</strong></span> <span class='ocrx_word' id='word_1_142' title='bbox 1049 2278 1182 2356; x_wconf 90' lang='lat' dir='ltr'><strong>pedibus</strong></span> <span class='ocrx_word' id='word_1_143' title='bbox 1203 2277 1289 2337; x_wconf 93' lang='lat' dir='ltr'><strong>etin</strong></span> 
     </span>
     <span class='ocr_line' id='line_1_20' title="bbox 282 2380 1288 2460; baseline 0.005 -23"><span class='ocrx_word' id='word_1_144' title='bbox 282 2386 454 2458; x_wconf 85' lang='lat' dir='ltr'><strong>praetexta,</strong></span> <span class='ocrx_word' id='word_1_145' title='bbox 485 2380 615 2441; x_wconf 81' lang='lat' dir='ltr'><strong>Crassus</strong></span> <span class='ocrx_word' id='word_1_146' title='bbox 643 2382 741 2457; x_wconf 78' lang='lat' dir='ltr'><strong>Frugi</strong></span> <span class='ocrx_word' id='word_1_147' title='bbox 775 2401 855 2460; x_wconf 91' lang='lat' dir='ltr'><strong>equo</strong></span> <span class='ocrx_word' id='word_1_148' title='bbox 888 2382 1053 2460; x_wconf 87' lang='lat' dir='ltr'><strong>phalerato</strong></span> <span class='ocrx_word' id='word_1_149' title='bbox 1080 2389 1112 2443; x_wconf 92' lang='lat' dir='ltr'><strong>et</strong></span> <span class='ocrx_word' id='word_1_150' title='bbox 1139 2384 1173 2442; x_wconf 90' lang='lat' dir='ltr'><strong>in</strong></span> <span class='ocrx_word' id='word_1_151' title='bbox 1201 2389 1288 2444; x_wconf 89' lang='lat' dir='ltr'><strong>veste</strong></span> 
     </span>
     <span class='ocr_line' id='line_1_21' title="bbox 236 2485 991 2563; baseline 0.005 -19"><span class='ocrx_word' id='word_1_152' title='bbox 236 2499 265 2544; x_wconf 77' lang='lat'><strong>20</strong></span> <span class='ocrx_word' id='word_1_153' title='bbox 281 2485 429 2563; x_wconf 88' lang='lat' dir='ltr'><strong>palmata,</strong></span> <span class='ocrx_word' id='word_1_154' title='bbox 445 2485 529 2563; x_wconf 91' lang='lat' dir='ltr'><strong>quod</strong></span> <span class='ocrx_word' id='word_1_155' title='bbox 550 2505 622 2545; x_wconf 89' lang='lat' dir='ltr'><strong>eum</strong></span> <span class='ocrx_word' id='word_1_156' title='bbox 642 2486 792 2547; x_wconf 89' lang='lat' dir='ltr'><strong>honorem</strong></span> <span class='ocrx_word' id='word_1_157' title='bbox 813 2488 991 2550; x_wconf 88' lang='lat' dir='ltr'><strong>iteraverat.</strong></span> 
     </span>
    </p>

    <p class='ocr_par' dir='ltr' id='par_1_3' title="bbox 235 2592 1340 3094">
     <span class='ocr_line' id='line_1_22' title="bbox 322 2592 1340 2675; baseline 0.008 -24"><span class='ocrx_word' id='word_1_158' title='bbox 322 2592 419 2652; x_wconf 88' lang='lat' dir='ltr'><strong>Urbis</strong></span> <span class='ocrx_word' id='word_1_159' title='bbox 448 2609 652 2668; x_wconf 85' lang='lat' dir='ltr'><strong>annonaeque</strong></span> <span class='ocrx_word' id='word_1_160' title='bbox 679 2611 785 2652; x_wconf 89' lang='lat' dir='ltr'><strong>curam</strong></span> <span class='ocrx_word' id='word_1_161' title='bbox 812 2593 1038 2656; x_wconf 88' lang='lat' dir='ltr'><strong>sollicitissime</strong></span> <span class='ocrx_word' id='word_1_162' title='bbox 1063 2615 1186 2675; x_wconf 90' lang='lat' dir='ltr'><strong>semper</strong></span> <span class='ocrx_word' id='word_1_163' title='bbox 1214 2595 1340 2670; x_wconf 87' lang='lat' dir='ltr'><strong>egit.18</strong></span> 
     </span>
     <span class='ocr_line' id='line_1_23' title="bbox 509 2695 1289 2776; baseline 0.004 -21"><span class='ocrx_word' id='word_1_164' title='bbox 509 2697 589 2755; x_wconf 82' lang='lat' dir='ltr'><strong>Cum</strong></span> <span class='ocrx_word' id='word_1_165' title='bbox 602 2695 782 2758; x_wconf 85' lang='lat' dir='ltr'><strong>Aemiliana</strong></span> <span class='ocrx_word' id='word_1_166' title='bbox 796 2700 989 2776; x_wconf 84' lang='lat' dir='ltr'><strong>pertinacius</strong></span> <span class='ocrx_word' id='word_1_167' title='bbox 1001 2701 1201 2776; x_wconf 89' lang='lat' dir='ltr'><strong>arderent,in</strong></span> <span class='ocrx_word' id='word_1_168' title='bbox 1217 2700 1289 2760; x_wconf 91' lang='lat' dir='ltr'><strong>diri-</strong></span> 
     </span>
     <span class='ocr_line' id='line_1_24' title="bbox 507 2801 1288 2882; baseline 0.005 -21"><span class='ocrx_word' id='word_1_169' title='bbox 507 2801 621 2862; x_wconf 89' lang='lat' dir='ltr'><strong>bitorio</strong></span> <span class='ocrx_word' id='word_1_170' title='bbox 636 2802 756 2864; x_wconf 90' lang='lat' dir='ltr'><strong>duabus</strong></span> <span class='ocrx_word' id='word_1_171' title='bbox 771 2805 916 2866; x_wconf 89' lang='lat' dir='ltr'><strong>noctibus</strong></span> <span class='ocrx_word' id='word_1_172' title='bbox 932 2807 1057 2882; x_wconf 89' lang='lat' dir='ltr'><strong>mansit,</strong></span> <span class='ocrx_word' id='word_1_173' title='bbox 1074 2825 1109 2866; x_wconf 87' lang='lat' dir='ltr'><strong>ac</strong></span> <span class='ocrx_word' id='word_1_174' title='bbox 1124 2805 1288 2867; x_wconf 91' lang='lat' dir='ltr'><strong>deficiente</strong></span> 
     </span>
     <span class='ocr_line' id='line_1_25' title="bbox 506 2907 1288 2988; baseline 0.008 -24"><span class='ocrx_word' id='word_1_175' title='bbox 506 2907 645 2966; x_wconf 88' lang='lat' dir='ltr'><strong>militum</strong></span> <span class='ocrx_word' id='word_1_176' title='bbox 660 2927 695 2968; x_wconf 91' lang='lat' dir='ltr'><strong>ac</strong></span> <span class='ocrx_word' id='word_1_177' title='bbox 710 2909 904 2970; x_wconf 84' lang='lat' dir='ltr'><strong>familiarum</strong></span> <span class='ocrx_word' id='word_1_178' title='bbox 923 2911 1025 2986; x_wconf 90' lang='lat' dir='ltr'><strong>turba,</strong></span> <span class='ocrx_word' id='word_1_179' title='bbox 1035 2912 1154 2971; x_wconf 82' lang='lat' dir='ltr'><strong>auxilio</strong></span> <span class='ocrx_word' id='word_1_180' title='bbox 1164 2911 1288 2988; x_wconf 89' lang='lat' dir='ltr'><strong>plebem</strong></span> 
     </span>
     <span class='ocr_line' id='line_1_26' title="bbox 235 3010 1287 3094; baseline 0.009 -27"><span class='ocrx_word' id='word_1_181' title='bbox 235 3023 264 3068; x_wconf 81' lang='lat'><strong>25</strong></span> <span class='ocrx_word' id='word_1_182' title='bbox 280 3027 335 3086; x_wconf 89' lang='lat' dir='ltr'><strong>per</strong></span> <span class='ocrx_word' id='word_1_183' title='bbox 344 3010 548 3086; x_wconf 82' lang='lat' dir='ltr'><strong>magistratus</strong></span> <span class='ocrx_word' id='word_1_184' title='bbox 557 3032 597 3072; x_wconf 85' lang='lat' dir='ltr'><strong>ex</strong></span> <span class='ocrx_word' id='word_1_185' title='bbox 608 3014 751 3075; x_wconf 88' lang='lat' dir='ltr'><strong>omnibus</strong></span> <span class='ocrx_word' id='word_1_186' title='bbox 762 3016 841 3076; x_wconf 86' lang='lat' dir='ltr'><strong>vicis</strong></span> <span class='ocrx_word' id='word_1_187' title='bbox 853 3017 1037 3077; x_wconf 89' lang='lat' dir='ltr'><strong>convocavit</strong></span> <span class='ocrx_word' id='word_1_188' title='bbox 1047 3036 1083 3077; x_wconf 89' lang='lat' dir='ltr'><strong>ac</strong></span> <span class='ocrx_word' id='word_1_189' title='bbox 1091 3017 1204 3094; x_wconf 92' lang='lat' dir='ltr'><strong>positis</strong></span> <span class='ocrx_word' id='word_1_190' title='bbox 1214 3022 1287 3077; x_wconf 88' lang='lat' dir='ltr'><strong>ante</strong></span> 
     </span>
    </p>

    <p class='ocr_par' dir='ltr' id='par_1_4' title="bbox 234 3117 1288 3834">
     <span class='ocr_line' id='line_1_27' title="bbox 281 3117 1288 3200; baseline 0.011 -27"><span class='ocrx_word' id='word_1_191' title='bbox 281 3132 315 3174; x_wconf 90' lang='lat' dir='ltr'><strong>se</strong></span> <span class='ocrx_word' id='word_1_192' title='bbox 328 3133 399 3174; x_wconf 92' lang='lat' dir='ltr'><strong>cum</strong></span> <span class='ocrx_word' id='word_1_193' title='bbox 417 3117 549 3193; x_wconf 90' lang='lat' dir='ltr'><strong>pecunia</strong></span> <span class='ocrx_word' id='word_1_194' title='bbox 566 3118 660 3196; x_wconf 77' lang='lat' dir='ltr'><strong>fiscia,</strong></span> <span class='ocrx_word' id='word_1_195' title='bbox 678 3123 718 3182; x_wconf 90' lang='lat' dir='ltr'><strong>ad</strong></span> <span class='ocrx_word' id='word_1_196' title='bbox 738 3123 986 3184; x_wconf 87' lang='lat' dir='ltr'><strong>subveniendum</strong></span> <span class='ocrx_word' id='word_1_197' title='bbox 1006 3124 1151 3185; x_wconf 87' lang='lat' dir='ltr'><strong>hortatus</strong></span> <span class='ocrx_word' id='word_1_198' title='bbox 1171 3129 1228 3200; x_wconf 89' lang='lat' dir='ltr'><strong>est,</strong></span> <span class='ocrx_word' id='word_1_199' title='bbox 1244 3143 1288 3184; x_wconf 92' lang='lat' dir='ltr'><strong>re-</strong></span> 
     </span>
     <span class='ocr_line' id='line_1_28' title="bbox 280 3228 1286 3308; baseline 0.011 -30"><span class='ocrx_word' id='word_1_200' title='bbox 280 3228 483 3298; x_wconf 89' lang='lat' dir='ltr'><strong>praesentans</strong></span> <span class='ocrx_word' id='word_1_201' title='bbox 496 3244 551 3301; x_wconf 90' lang='lat' dir='ltr'><strong>pro</strong></span> <span class='ocrx_word' id='word_1_202' title='bbox 564 3245 659 3304; x_wconf 89' lang='lat' dir='ltr'><strong>opera</strong></span> <span class='ocrx_word' id='word_1_203' title='bbox 670 3229 796 3304; x_wconf 88' lang='lat' dir='ltr'><strong>dignam</strong></span> <span class='ocrx_word' id='word_1_204' title='bbox 809 3231 921 3308; x_wconf 90' lang='lat' dir='ltr'><strong>cuique</strong></span> <span class='ocrx_word' id='word_1_205' title='bbox 934 3231 1116 3291; x_wconf 91' lang='lat' dir='ltr'><strong>mercedem.</strong></span> <span class='ocrx_word' id='word_1_206' title='bbox 1160 3230 1286 3290; x_wconf 85' lang='lat' dir='ltr'><strong>Artiore</strong></span> 
     </span>
     <span class='ocr_line' id='line_1_29' title="bbox 280 3333 1286 3415; baseline 0.01 -29"><span class='ocrx_word' id='word_1_207' title='bbox 280 3333 385 3386; x_wconf 92' lang='lat' dir='ltr'><strong>autem</strong></span> <span class='ocrx_word' id='word_1_208' title='bbox 400 3347 523 3391; x_wconf 88' lang='lat' dir='ltr'><strong>annona</strong></span> <span class='ocrx_word' id='word_1_209' title='bbox 537 3333 578 3392; x_wconf 93' lang='lat' dir='ltr'><strong>ob</strong></span> <span class='ocrx_word' id='word_1_210' title='bbox 592 3334 733 3394; x_wconf 89' lang='lat' dir='ltr'><strong>assiduas</strong></span> <span class='ocrx_word' id='word_1_211' title='bbox 753 3337 947 3411; x_wconf 89' lang='lat' dir='ltr'><strong>sterilitates,</strong></span> <span class='ocrx_word' id='word_1_212' title='bbox 963 3338 1110 3398; x_wconf 86' lang='lat' dir='ltr'><strong>detentus</strong></span> <span class='ocrx_word' id='word_1_213' title='bbox 1129 3337 1286 3415; x_wconf 89' lang='lat' dir='ltr'><strong>quondam</strong></span> 
     </span>
     <span class='ocr_line' id='line_1_30' title="bbox 280 3431 1285 3520; baseline 0.014 -32"><span class='ocrx_word' id='word_1_214' title='bbox 280 3431 383 3491; x_wconf 91' lang='lat' dir='ltr'><strong>medic</strong></span> <span class='ocrx_word' id='word_1_215' title='bbox 408 3434 477 3496; x_wconf 87' lang='lat' dir='ltr'><strong>foro</strong></span> <span class='ocrx_word' id='word_1_216' title='bbox 502 3456 520 3497; x_wconf 88' lang='lat' dir='ltr'><strong>a</strong></span> <span class='ocrx_word' id='word_1_217' title='bbox 543 3440 635 3499; x_wconf 87' lang='lat' dir='ltr'><strong>turba</strong></span> <span class='ocrx_word' id='word_1_218' title='bbox 661 3441 872 3518; x_wconf 88' lang='lat' dir='ltr'><strong>conviciisque</strong></span> <span class='ocrx_word' id='word_1_219' title='bbox 896 3448 928 3502; x_wconf 94' lang='lat' dir='ltr'><strong>et</strong></span> <span class='ocrx_word' id='word_1_220' title='bbox 957 3443 1052 3502; x_wconf 89' lang='lat' dir='ltr'><strong>simul</strong></span> <span class='ocrx_word' id='word_1_221' title='bbox 1076 3442 1285 3520; x_wconf 84' lang='lat' dir='ltr'><strong>fragminibus</strong></span> 
     </span>
     <span class='ocr_line' id='line_1_31' title="bbox 234 3539 1286 3625; baseline 0.01 -29"><span class='ocrx_word' id='word_1_222' title='bbox 234 3553 263 3596; x_wconf 89' lang='lat'><strong>30</strong></span> <span class='ocrx_word' id='word_1_223' title='bbox 279 3539 371 3616; x_wconf 89' lang='lat' dir='ltr'><strong>panis</strong></span> <span class='ocrx_word' id='word_1_224' title='bbox 385 3541 432 3601; x_wconf 87' lang='lat' dir='ltr'><strong>ita</strong></span> <span class='ocrx_word' id='word_1_225' title='bbox 451 3543 631 3617; x_wconf 87' lang='lat' dir='ltr'><strong>infestatus,</strong></span> <span class='ocrx_word' id='word_1_226' title='bbox 647 3552 683 3604; x_wconf 88' lang='lat' dir='ltr'><strong>ut</strong></span> <span class='ocrx_word' id='word_1_227' title='bbox 698 3565 788 3622; x_wconf 90' lang='lat' dir='ltr'><strong>aegre</strong></span> <span class='ocrx_word' id='word_1_228' title='bbox 809 3566 866 3607; x_wconf 91' lang='lat' dir='ltr'><strong>nec</strong></span> <span class='ocrx_word' id='word_1_229' title='bbox 885 3547 948 3607; x_wconf 91' lang='lat' dir='ltr'><strong>nisi</strong></span> <span class='ocrx_word' id='word_1_230' title='bbox 968 3549 1087 3625; x_wconf 90' lang='lat' dir='ltr'><strong>postico</strong></span> <span class='ocrx_word' id='word_1_231' title='bbox 1102 3549 1233 3608; x_wconf 87' lang='lat' dir='ltr'><strong>evadere</strong></span> <span class='ocrx_word' id='word_1_232' title='bbox 1252 3547 1286 3606; x_wconf 93' lang='lat' dir='ltr'><strong>in</strong></span> 
     </span>
     <span class='ocr_line' id='line_1_32' title="bbox 279 3647 1284 3728; baseline 0.008 -24"><span class='ocrx_word' id='word_1_233' title='bbox 279 3647 440 3707; x_wconf 90' lang='lat' dir='ltr'><strong>Palatium</strong></span> <span class='ocrx_word' id='word_1_234' title='bbox 460 3648 606 3725; x_wconf 87' lang='lat' dir='ltr'><strong>valuerit,</strong></span> <span class='ocrx_word' id='word_1_235' title='bbox 628 3650 708 3709; x_wconf 92' lang='lat' dir='ltr'><strong>nihil</strong></span> <span class='ocrx_word' id='word_1_236' title='bbox 731 3670 793 3710; x_wconf 90' lang='lat' dir='ltr'><strong>non</strong></span> <span class='ocrx_word' id='word_1_237' title='bbox 815 3652 1007 3728; x_wconf 80' lang='lat' dir='ltr'><strong>excogitavit</strong></span> <span class='ocrx_word' id='word_1_238' title='bbox 1029 3654 1068 3712; x_wconf 89' lang='lat' dir='ltr'><strong>ad</strong></span> <span class='ocrx_word' id='word_1_239' title='bbox 1091 3653 1284 3713; x_wconf 84' lang='lat' dir='ltr'><strong>invehendos</strong></span> 
     </span>
     <span class='ocr_line' id='line_1_33' title="bbox 280 3738 1285 3834; baseline 0.005 -22"><span class='ocrx_word' id='word_1_240' title='bbox 280 3752 374 3812; x_wconf 89' lang='lat' dir='ltr'><strong>etiam</strong></span> <span class='ocrx_word' id='word_1_241' title='bbox 403 3758 543 3831; x_wconf 90' lang='lat' dir='ltr'><strong>ternpore</strong></span> <span class='ocrx_word' id='word_1_242' title='bbox 572 3753 704 3815; x_wconf 91' lang='lat' dir='ltr'><strong>hiberno</strong></span> <span class='ocrx_word' id='word_1_243' title='bbox 731 3763 930 3818; x_wconf 87' lang='lat' dir='ltr'><strong>commeatus.</strong></span> <span class='ocrx_word' id='word_1_244' title='bbox 976 3759 1061 3818; x_wconf 89' lang='lat' dir='ltr'><strong>Nam</strong></span> <span class='ocrx_word' id='word_1_245' title='bbox 1088 3764 1120 3818; x_wconf 89' lang='lat' dir='ltr'><strong>et</strong></span> <span class='ocrx_word' id='word_1_246' title='bbox 1147 3738 1285 3834; x_wconf 78' lang='lat' dir='ltr'><strong>negotia</strong></span> 
     </span>
    </p>
   </div>
   <div class='ocr_carea' id='block_1_3' title="bbox 280 2773 433 2910">
    <p class='ocr_par' dir='ltr' id='par_1_5' title="bbox 280 2773 433 2910">
     <span class='ocr_line' id='line_1_34' title="bbox 281 2773 433 2822; baseline 0 -1"><span class='ocrx_word' id='word_1_247' title='bbox 281 2774 343 2821; x_wconf 81' lang='lat' dir='ltr'><strong>care</strong></span> <span class='ocrx_word' id='word_1_248' title='bbox 352 2773 379 2822; x_wconf 82' lang='lat' dir='ltr'><strong>ol</strong></span> <span class='ocrx_word' id='word_1_249' title='bbox 387 2776 433 2822; x_wconf 81' lang='lat' dir='ltr'><strong>the</strong></span> 
     </span>
     <span class='ocr_line' id='line_1_35' title="bbox 280 2850 335 2910; baseline -0.036 -14"><span class='ocrx_word' id='word_1_250' title='bbox 280 2850 335 2910; x_wconf 85' lang='lat' dir='ltr'><strong>city</strong></span> 
     </span>
    </p>
   </div>
   <div class='ocr_carea' id='block_1_4' title="bbox 0 0 1558 4378">
    <p class='ocr_par' dir='ltr' id='par_1_6' title="bbox 0 0 1558 4378">
     <span class='ocr_line' id='line_1_36' title="bbox 0 0 1558 4378; baseline 0 1"><span class='ocrx_word' id='word_1_251' title='bbox 0 0 1558 4378; x_wconf 95' lang='lat' dir='ltr'><strong> </strong></span> 
     </span>
    </p>
   </div>
  </div>
 </body>
</html>
