3106 4378
288 279 330 344 96
365 291 394 343 c.
418 291 575 342 suarem
597 290 826 353 rsnuoumui
849 293 897 342 nn
922 294 1013 344 vira
1038 294 1241 347 cassanum

287 461 417 524 divortii
431 467 539 524 natam
559 460 665 541 alique
686 468 837 541 coeptam,
859 464 974 542 exponi
994 471 1101 526 tamen
1122 466 1163 526 ad
1185 464 1295 525 matris

287 568 414 628 ianuam
432 573 465 628 et
486 568 604 627 nudam
626 567 722 628 iussit
743 567 833 628 abici.
876 569 1049 630 Antoniam
1069 572 1127 632 Cn.
1144 573 1295 651 Pompeio

287 676 413 750 Magno,
438 673 551 733 deiude
583 673 701 733 Fausto
734 673 849 748 Sullae,
877 674 1085 738 nobilissimis
1116 677 1294 753 iuvenibus,

287 780 452 841 Octaviam
478 767 599 838 Neroni
626 777 773 856 privigno
801 780 1060 857 suo'collocavit,
1090 783 1197 844 Silano
1221 791 1294 844 ante

254 887 483 962 cdesponsam.
539 881 767 958 Britannicum,
796 884 944 944 vicesimo
972 887 1099 965 imperii
1118 889 1171 949 die
1198 889 1294 969 inque

286 992 422 1053 secundo
444 989 607 1050 consulatu
629 989 832 1065 natum'sibi,
858 991 1025 1068 parvulum
1047 993 1143 1054 etiam
1164 1001 1241 1071 tum,
1262 1002 1293 1056 et

285 1097 383 1157 militi
409 1116 467 1174 pro
487 1094 632 1155 contione
660 1094 805 1154 manibus
831 1095 897 1156 suis
923 1103 1049 1173 gestans
1072 1105 1104 1160 et
1128 1100 1215 1179 plebi
1237 1121 1293 1180 per

286 1202 464 1281 spectacula
491 1201 609 1277 gremio
641 1206 696 1260 aut
724 1207 798 1261 autc
831 1221 863 1262 sc
892 1203 1031 1264 retinens
1063 1205 1187 1266 assidue
1215 1225 1294 1266 com-

286 1309 453 1369 mendabat
470 1307 648 1386 faustisque
669 1306 826 1366 ominibus
846 1327 917 1368 cum
936 1309 1182 1370 adclamantium
1200 1313 1294 1372 turba

241 1427 269 1472 10
285 1416 539 1492 prosequebatur.
574 1415 602 1473 ll
613 1414 738 1492 generis
748 1415 907 1474 Neronem
923 1415 1095 1492 adoptavit,
1106 1417 1293 1494 Pompeium

285 1525 379 1598 atque
395 1520 537 1581 Silanum
554 1539 618 1579 non
631 1519 789 1580 recusavit
803 1520 905 1595 modo,
921 1521 974 1580 sed
989 1531 1021 1580 et
1035 1520 1204 1581 interemit.

325 1626 524 1691 Libertorum
558 1625 725 1704 praecipue
762 1625 905 1703 suspexit
940 1626 1077 1686 Posiden
1112 1628 1291 1704 spadonem,
1305 1637 1345 1689 28

285 1751 378 1809 quem
403 1731 499 1790 etiam
523 1731 707 1790 Britannico
736 1731 897 1808 triumpho
922 1731 1005 1791 inter
1029 1731 1183 1792 militares
1207 1733 1292 1794 viros

284 1899 467 1948 mmm
512 1836 605 1897 hasta
631 1854 711 1914 pura
739 1835 889 1912 donavit3
926 1855 982 1896 nec
1014 1837 1119 1897 minus
1144 1838 1290 1914 Felicem,

240 1957 269 2003 15
512 1961 606 2020 quem
630 1940 810 2002 cohortibus
837 1947 869 2001 et
893 1941 952 2002 alis
977 1942 1218 2020 provinciaeque
1243 1945 1292 2003 lu-

285 2046 381 2106 daeae
401 2046 591 2124 praeposuit,
607 2045 704 2106 trium
726 2047 904 2123 reginarum
926 2047 1092 2124 maritum,
1118 2054 1150 2108 et
1172 2049 1292 2127 Harpc

284 2170 368 2226 oran,
391 2151 442 2212 cui
463 2151 576 2212 lectica
600 2171 655 2230 per
680 2152 788 2212 urbem
812 2153 948 2212 vehendi
974 2153 1213 2232 spectaculaque
1237 2174 1292 2233 pu-

284 2256 365 2317 blice
379 2257 493 2317 edendi
504 2258 553 2318 ius
564 2257 677 2318 tribuit
689 2280 696 2334 ;
717 2276 752 2317 ac
764 2257 924 2336 superbos
935 2258 1103 2337 Polybium
1116 2259 1156 2319 ab
1166 2259 1290 2336 studiis,

284 2363 340 2441 qui
355 2381 447 2441 saepe
462 2362 545 2423 inter
560 2364 636 2423 duos
651 2363 795 2424 consules
811 2363 1009 2439 ambulabet;
1031 2365 1087 2424 sed
1101 2370 1174 2424 ante
1189 2364 1291 2426 omnis

239 2482 269 2527 ao
283 2469 468 2529 Narcissum
489 2469 529 2530 ab
548 2467 703 2546 epistulis,
721 2473 752 2528 et
772 2468 951 2529 Pallantem
972 2469 1191 2546 arationibus,
1213 2490 1291 2549 quos

285 2575 410 2634 decreto
423 2593 547 2652 quoque
569 2581 695 2634 senatus
720 2593 782 2633 non
807 2573 956 2652 praemiis
981 2575 1073 2635 modo
1101 2575 1289 2652 ingentibus,

284 2681 381 2741 sedet
392 2678 579 2757 quaestoriis
591 2679 819 2758 praetoriisque
829 2679 1020 2762 ornamentis
1031 2681 1178 2740 honorari
1189 2681 1290 2743 libens

283 2765 396 2864 passus
410 2791 475 2862 est;
496 2791 622 2845 tantum
636 2791 799 2863 praeterea
816 2785 975 2863 acquirere
991 2791 1022 2846 et
1036 2805 1154 2863 rapere,
1169 2791 1205 2846 ut
1220 2806 1291 2864 quc-

283 2897 372 2951 rente
387 2910 423 2950 eo
437 2891 594 2969 quondam
608 2891 648 2950 de
661 2890 730 2950 fisci
745 2890 918 2966 exiguitate
935 2869 998 2950 non
1016 2893 1149 2951 absurde
1171 2892 1290 2953 dictum

238 3009 268 3054 ab
284 2997 335 3072 sit,
350 3000 586 3071 abrincatarum,
607 3000 634 3055 ai
654 3016 676 3055 u
695 3000 811 3056 duobus
832 2999 945 3056 libertis
965 3001 998 3054 ia
1020 3001 1201 3058 consortium
1221 3002 1291 3058 reci

278 3112 409 3178 peretur.
453 3101 524 3177 His,
538 3107 575 3160 ut
591 3101 668 3177 dixi,
687 3101 900 3180 uxoribusque
921 3102 1075 3177 addictus,
1094 3121 1157 3161 non
1178 3103 1291 3180 princi·
1304 3109 1342 3160 29

284 3249 364 3294 Rulce
374 3248 409 3307 sy
509 3225 582 3285 pem
596 3225 638 3282 sc,
652 3208 706 3266 sed
718 3207 898 3280 ministrum
909 3207 983 3283 egit,
996 3207 1180 3284 compendio
1190 3208 1291 3268 cuius-

283 3323 365 3370 wives
375 3323 424 3369 and
511 3331 571 3389 que
598 3313 710 3372 horum
738 3312 789 3372 vel
816 3312 912 3373 etiam
940 3312 1046 3373 studio
1074 3319 1129 3372 aut
1158 3312 1290 3374 libidine

283 3395 411 3443 ΜΝ
510 3418 653 3493 honores,
682 3417 847 3492 exercitus,
876 3417 1090 3496 impunitates,
1124 3418 1289 3496 supplicia,

238 3533 268 3579 30
284 3520 416 3598 largitus
439 3526 497 3597 est,
520 3527 551 3582 et
576 3523 703 3600 quidem
728 3522 866 3582 insciens
891 3523 1074 3601 plerumque
1097 3529 1129 3583 et
1151 3524 1288 3600 ignarus.
1334 3581 1336 3586 .

284 3626 333 3687 Ac
354 3645 393 3686 ne
417 3625 603 3703 singillatim
628 3628 749 3687 minora
770 3617 893 3706 quoque
918 3647 1105 3704 enumerem,
1129 3637 1290 3690 revocatas

283 3731 490 3792 liberalitates
511 3731 588 3807 eius,
610 3731 728 3794 iudicia
748 3732 890 3809 rescissa,
912 3733 1092 3812 suppositos
1115 3739 1170 3794 aut
1195 3735 1289 3796 etiam
