3078 4380
532 289 645 340 arnna
668 290 718 340 111
772 289 953 342 rmnnrus
1207 280 1250 346 13

240 460 268 523 si
289 459 368 540 quid
391 460 490 522 subiti
509 461 649 522 muneris
667 461 898 538 iniungendum
918 470 1011 540 esset,
1028 482 1085 543 per
1108 463 1247 546 libellos)

238 568 345 644 daret3
368 566 478 628 addita
494 566 667 627 monitione
683 573 730 643 ut,
745 569 783 628 de
803 587 865 646 quo
878 569 1013 647 quisque
1032 569 1201 645 dubitaret,
1215 588 1250 631 se

238 691 296 733 nec
317 671 379 732 alio
401 673 573 750 interprete
591 691 788 752 quacumque
809 673 860 733 vel
882 659 983 736 noctis
1002 673 1080 734 hora
1097 680 1246 736 uteretur.

187 794 224 845 le
239 779 449 859 Disciplinam
472 779 621 840 acerrime
644 779 759 856 exegit,
780 779 1088 842 animadversionum
1109 788 1142 842 et
1164 782 1249 858 igno

238 887 407 948 miniarnm
423 885 588 961 generibus
605 904 644 945 ex
662 885 852 963 antiquitate
871 886 1025 964 repetitis,
1039 892 1134 965 atque
1153 887 1248 948 etiam
1263 903 1279 949 o

238 991 342 1069 legato
356 989 501 1068 legionis,
514 991 599 1067 quod
612 1008 728 1068 paucos
742 990 861 1051 milites
877 991 1076 1066 cumlliberto
1090 1011 1147 1052 suo
1159 997 1248 1052 trans

238 1097 340 1175 ripam
350 1102 500 1157 venatum
509 1093 658 1172 misisset,
670 1095 844 1171 ignominia
851 1101 967 1156 notato.
999 1096 1134 1173 Proelia,
1144 1116 1249 1175 quam-

201 1209 204 1214 '
237 1201 287 1262 vis
307 1201 475 1261 minimum
493 1200 640 1260 fortunae
656 1200 843 1278 casibusque
863 1201 1068 1278 permitteret,
1086 1201 1249 1280 aliquanto

237 1308 435 1368 constantius
451 1305 554 1366 inibat
569 1304 715 1382 quotiens
733 1305 975 1381 lucubrantem,
991 1305 1096 1367 subito
1110 1325 1147 1366 ac
1159 1305 1249 1366 nullo

237 1411 442 1490 propellente,
461 1411 621 1471 decideret
641 1410 750 1471 lumen
766 1417 799 1471 et
815 1411 1062 1487 extingueretur,
1079 1410 1248 1488 confidens,
1265 1424 1295 1470 ιο

237 1523 273 1576 nt
294 1515 407 1592 aiebat,
431 1520 554 1576 ostento
576 1515 637 1576 sibi
658 1534 677 1575 a
697 1515 869 1576 maioribus
889 1516 954 1577 suis
974 1515 1009 1574 in
1028 1515 1113 1575 omni
1132 1516 1248 1576 ducatu

237 1622 466 1700 expertissimo.
511 1621 574 1681 Sed
595 1641 628 1681 re
646 1639 795 1700 prospere
815 1627 912 1698 gesta,
931 1639 995 1681 non
1014 1621 1149 1681 multum
1167 1620 1249 1682 afuit

237 1727 315 1806 quin
332 1746 352 1788 a
371 1729 524 1787 Bructero
544 1726 677 1804 quodam
698 1726 902 1803 occideretur,
917 1725 968 1787 cni
985 1725 1069 1786 inter
1088 1727 1248 1804 proximos

238 1833 377 1894 versanti
400 1839 432 1894 et
454 1831 665 1910 trepidatione
683 1832 807 1893 detecto
827 1832 993 1892 tormentis
1013 1849 1160 1909 expressa
1181 1849 1250 1896 con-

186 1953 224 2004 20
237 1937 335 1999 fessio
350 1945 398 1998 est
411 1937 544 2014 cogitati
561 1937 719 1998 facinoris.
762 1936 792 1996 A
813 1937 984 1998 Germania
999 1936 1035 1995 in
1052 1937 1163 1996 urbem
1176 1941 1249 2014 post
1265 1951 1294 1996 11⁵

236 2029 575 2120 bienninm'regressus
593 2041 799 2120 triumphum,
815 2061 907 2121 quem
927 2041 1024 2102 distu-
1248 2085 1251 2091 ·

236 2149 325 2226 lerat,
341 2149 415 2226 egit,
432 2147 696 2227 prosequentibus
711 2147 806 2207 etiam
821 2147 943 2223 legatia,
959 2147 1024 2224 qui·
1049 2126 1146 2260 {2⁸¹²
1156 2127 1239 2175 Μ’

236 2255 294 2317 bus
308 2253 515 2332 triumphalia
535 2258 720 2313 ornamenta
740 2253 933 2332 impetrarat.
975 2253 1023 2314 Ac

236 2361 324 2439 prius
348 2378 442 2437 quam
471 2359 505 2417 in
531 2356 724 2436 Capitolium
748 2356 897 2433 flecteret,
923 2357 1087 2442 descendit
1111 2377 1128 2419 e
1157 2378 1249 2419 curru

238 2483 332 2543 seque
357 2463 552 2543 praesidenti
577 2462 662 2541 patri
685 2463 726 2523 ad
753 2481 855 2538 genua
883 2463 1051 2524 summisit.
1094 2466 1248 2524 Batonem
1263 2484 1295 2531 20

236 2570 435 2632 Pannonium
451 2570 571 2644 ducem,
587 2569 768 2646 ingentibus
785 2570 936 2630 donatum
955 2570 1113 2648 praemiis,
1128 2571 1249 2631 Raven-

236 2696 309 2738 nam
330 2675 504 2750 transtulit,
522 2675 657 2752 gratiam
676 2675 826 2750 referens‚
843 2675 928 2752 quod
948 2694 981 2736 se
1000 2677 1157 2753 quondam
1177 2695 1249 2736 cum

236 2781 378 2842 exercitu
399 2780 570 2859 iniquitate
591 2778 653 2840 loci
678 2778 919 2841 circumclusum
943 2800 1055 2859 passus
1077 2785 1160 2841 esset
1180 2799 1249 2842 eva-
1362 2757 1366 2768 ¹

236 2887 317 2948 dere.
360 2886 535 2947 Prandium
558 2885 671 2946 dehinc
693 2885 810 2964 populo
830 2885 919 2945 mille
940 2884 1067 2961 mensis,
1090 2891 1122 2946 et
1146 2886 1249 2963 congi-

236 2993 338 3053 arium
366 2998 507 3052 trecenos
539 3011 683 3052 nummos
718 2990 839 3050 viritim
874 2990 970 3052 dedit.
1013 2991 1182 3052 Dedicavit
1216 2997 1249 3052 et
1264 3013 1294 3062 25

236 3097 427 3159 Concordiae
448 3097 567 3172 aedem,
583 3096 660 3157 item
681 3096 821 3158 Pollucis
836 3101 868 3156 et
889 3096 1028 3160 Castoris
1050 3116 1107 3158 suo
1127 3097 1249 3158 fratris·

184 3221 221 3274 21
236 3222 298 3281 que
318 3203 454 3279 nomine,
470 3204 510 3264 de
532 3202 696 3264 manubiis.
740 3201 788 3262 Ac
806 3221 870 3262 non
889 3202 989 3263 multo
1007 3208 1089 3281 post,
1104 3202 1172 3279 lege
1193 3221 1248 3281 per

236 3309 381 3370 consules
393 3309 461 3370 lata
480 3314 517 3369 ut
534 3308 713 3386 provincias
728 3326 800 3368 cum
815 3308 962 3385 Augusto
977 3307 1184 3368 communiter
1198 3308 1249 3368 ad·

236 3413 431 3477 ministraret
457 3414 614 3492 simulque
641 3432 769 3474 censum
794 3418 910 3490 ageret,
936 3413 1063 3474 condito
1090 3413 1190 3474 lustro
1214 3412 1249 3472 in

236 3519 403 3599 Illyricum
423 3520 585 3599 proiectus
600 3523 656 3578 est.
698 3519 742 3578 Et
761 3521 870 3578 statim
890 3536 929 3578 ex
949 3517 1064 3577 itinere
1083 3522 1247 3579 revocatus
1263 3535 1294 3583 ao

236 3624 299 3686 iam
325 3625 450 3704 quidem
475 3623 643 3699 adiectum,
664 3623 720 3684 sed
739 3628 847 3683 tamen
869 3621 1040 3701 spirantem
1063 3621 1165 3682 adhuc
1185 3623 1249 3682 Au·

237 3735 366 3809 gustum
384 3727 525 3809 repperit
543 3727 669 3805 fuitque
687 3746 751 3788 una
770 3732 889 3789 secreto
906 3745 962 3805 per
981 3731 1084 3788 totum
1102 3726 1196 3788 diem.
