3106 4378
292 283 355 348 100
394 297 424 350 c.
445 297 603 350 suarem
624 298 852 360 raaroumm
871 300 921 350 na
942 300 1033 350 vrrs
1053 301 1255 352 cassanum

290 488 414 548 quoque
449 489 584 530 amorem
614 470 896 547 flagrantissimum
924 491 987 532 uon
1015 478 1080 532 tam
1108 472 1299 548 indignitate

289 574 551 636 contumeliarum
567 594 661 652 quam
676 575 809 654 periculi
825 582 914 637 metu
928 576 1051 652 abiecit,
1066 596 1136 637 oum
1156 577 1299 638 adultero

291 682 369 743 Silio
383 681 504 760 acquiri
527 681 694 759 imperium
715 681 918 757 credidisset3
940 700 1002 758 quo
1015 686 1156 760 tempore
1170 683 1295 742 foedum

289 789 323 848 in
347 789 475 848 modum
501 786 645 863 trepidus
675 786 715 844 ad
740 791 847 846 castra
872 786 1024 863 confugit,
1049 787 1133 846 nihil
1154 794 1222 848 tota
1246 790 1298 850 via

257 911 273 956 u
288 914 384 973 quam
398 903 508 954 essetne
523 896 581 952 sibi
594 893 711 951 salvium
727 895 887 966 imperium
902 892 1072 970 requirens.
1108 895 1208 955 Nulla
1221 897 1299 956 adeo
1312 909 1349 962 37

219 1019 220 1022 ’
289 999 434 1078 suspicio,
450 999 557 1058 nullus
572 1003 679 1058 auctor
694 1003 759 1056 tam
775 996 855 1056 levis
870 997 1001 1073 exstitit,
1017 1018 1036 1059 a
1050 1019 1112 1077 quo
1126 1020 1190 1060 non
1204 1001 1298 1060 medi-

289 1105 354 1166 ocri
375 1105 521 1183 scrupulo
542 1104 658 1163 iniecto
672 1103 712 1163 ad
728 1104 901 1163 cavendum
922 1104 1198 1184 ulciscendumque
1219 1125 1298 1166 com-

287 1210 465 1288 pelleretur.
509 1211 601 1270 Unus
622 1229 660 1269 ex
680 1209 893 1284 litigatoribus
914 1211 1042 1272 seducto
1059 1210 1093 1270 in
1108 1212 1297 1273 salutatione

288 1315 465 1391 affirmavit,
480 1315 599 1376 vidisse
616 1333 648 1376 se
663 1334 720 1393 per
734 1315 872 1392 quietem
894 1316 993 1376 occidi
1016 1336 1087 1377 eum
1106 1337 1126 1378 a
1144 1318 1295 1395 quodam3

244 1433 272 1478 ro
287 1421 362 1481 dein
380 1421 474 1499 paulo
492 1426 572 1498 post,
594 1420 685 1498 quasi
708 1439 923 1498 percussorem
942 1427 1133 1498 agnosceret,
1155 1422 1297 1483 libellum

286 1527 464 1587 tradentem
474 1526 689 1586 adversarium
702 1545 794 1586 suum
806 1527 1048 1588 demonstravit:
1068 1528 1297 1606 confestimque

287 1631 315 1692 is
329 1651 386 1710 pro
401 1631 553 1709 deprenso
569 1632 609 1691 ad
624 1650 756 1709 poenam
768 1637 878 1709 raptus
893 1637 949 1692 est.
985 1632 1060 1692 Pari
1071 1633 1163 1692 modo
1174 1651 1298 1710 oppres·

287 1737 487 1798 sumserunt
510 1737 651 1815 Appium
675 1737 833 1797 Silanum:
863 1755 956 1815 quem
977 1756 1048 1797 cum
1070 1738 1244 1798 Messalina
1266 1743 1297 1798 et
1362 1779 1363 1784 κ

286 1842 455 1903 Narcissus
480 1841 714 1919 conspirassent
738 1843 877 1920 perdere,
902 1842 1015 1904 divisis
1039 1843 1191 1920 partibus,
1216 1843 1297 1904 alter

240 1965 268 2010 lc
285 1955 359 2010 ante
383 1949 486 2009 lucem
511 1948 625 2010 similis
651 1949 788 2008 attonito
812 1949 937 2026 patroni
962 1949 1140 2010 cubiculum
1165 1949 1295 2028 inrupit,

286 2053 444 2116 affirmans
467 2053 639 2114 somniasse
659 2072 693 2114 se
706 2054 772 2112 vim
787 2055 817 2113 ei
833 2055 872 2115 ab
891 2054 997 2132 Appio
1018 2054 1165 2131 inlatam;
1188 2054 1295 2131 altera,

285 2159 320 2219 in
344 2158 584 2220 admirationem
607 2159 753 2234 formata,
776 2159 837 2220 sibi
858 2178 983 2237 quoque
1004 2159 1135 2219 eandem
1160 2160 1296 2238 speciem

286 2264 408 2344 aliquot
429 2261 493 2325 iam
515 2265 658 2325 noctibus
681 2264 842 2325 obversari
863 2264 1005 2340 rettulit3
1028 2283 1085 2325 nec
1102 2264 1204 2326 multo
1224 2271 1296 2343 post

286 2390 326 2432 ex
347 2369 520 2448 composito
542 2369 715 2448 irrumpere
735 2370 861 2448 Appius
882 2369 1057 2445 nuntiatus,
1072 2370 1123 2429 cui
1140 2370 1241 2448 pridie
1255 2372 1296 2430 ad

241 2491 270 2535 ao
285 2476 320 2536 id
347 2475 497 2554 temporis
525 2479 563 2534 ut
591 2476 717 2536 adesset
748 2481 950 2554 praeceptum
979 2481 1054 2550 erat,
1084 2475 1174 2552 quasi
1201 2474 1296 2553 plane

285 2586 572 2660 repraesentaretur
603 2580 716 2640 somnii
751 2580 840 2656 fides,
868 2581 984 2641 arcessi
1017 2580 1124 2641 statim
1153 2599 1188 2640 ac
1216 2581 1295 2640 mori

283 2687 390 2748 iussus
412 2692 468 2746 est.
512 2687 544 2746 N
546 2705 581 2746 ec
603 2684 763 2745 dubitavit
782 2691 907 2764 postero
922 2685 974 2746 die
988 2685 1139 2747 Claudius
1155 2685 1295 2746 ordinem

285 2792 331 2852 rei
350 2797 457 2869 gestae
476 2793 615 2868 perferre
639 2791 680 2850 ad
701 2796 846 2852 senatum
867 2810 903 2852 ac
923 2791 1037 2851 liberto
1059 2791 1176 2866 gratias
1194 2809 1294 2866 agere,

286 2897 370 2975 quod
397 2916 454 2975 pro
480 2896 581 2956 salute
607 2915 663 2956 sua
692 2897 787 2956 etiam
812 2897 970 2957 dormiens
995 2896 1171 2956 excubaret.
1225 2896 1295 2956 Irae
1310 2911 1348 2961 ss

242 3021 271 3066 25
286 3008 381 3080 atque
394 3001 575 3061 iracundiae
591 3002 734 3062 conscius
750 3002 819 3076 sibi,
834 3007 1000 3079 utramque
1015 3001 1179 3060 excusavit
1193 3001 1297 3061 edicto

286 3105 506 3185 distinxitque,
520 3106 682 3185 pollicitus
693 3107 821 3166 alteram
831 3110 953 3182 quidem
963 3110 1079 3166 braum
1089 3115 1116 3165 et
1127 3110 1294 3181 trinomium,

286 3215 414 3273 aderam
424 3233 486 3274 aon
499 3217 645 3272 latratum
654 3215 732 3288 sore.
770 3211 977 3286 Ostiensibus,
990 3211 1064 3289 quia
1076 3211 1137 3272 sibi
1148 3211 1297 3272 subeunti

287 3318 426 3379 Tiberim
443 3318 574 3397 scaphas
590 3316 714 3378 obviam
729 3337 792 3386 non
806 3316 959 3392 miserint,
975 3317 1113 3394 graviter
1133 3316 1295 3396 correptis,

286 3443 384 3502 eaque
400 3443 470 3484 cum
482 3422 612 3497 invidia,
624 3427 660 3482 ut
675 3422 708 3481 in
724 3422 866 3482 ordinem
878 3441 910 3482 se
922 3427 1064 3482 coactum
1077 3423 1295 3498 conscriberet,

242 3542 273 3588 ao
286 3536 416 3610 repente
436 3534 561 3590 tantum
582 3547 645 3587 non
667 3527 746 3615 satis
768 3526 916 3590 facientis
938 3528 1030 3587 modo
1051 3528 1176 3588 veniam
1198 3528 1294 3589 dedit.

287 3637 445 3708 Quosdam
459 3634 494 3694 in
508 3632 634 3711 publico
645 3652 755 3710 parum
771 3633 959 3710 tempestive
970 3634 1115 3694 adeuntis
1130 3653 1226 3694 manu
1240 3652 1297 3694 sua

288 3740 435 3820 reppulit.
482 3739 566 3798 Item
588 3737 720 3798 scribam
742 3737 965 3814 quaestorium,
986 3738 1125 3816 itemque
1150 3744 1298 3817 praetura
