3078 4380
528 295 640 346 amaa
663 295 714 346 111.
768 293 950 346 meamus
1203 277 1244 344 37

234 467 375 548 atpatris
384 467 506 546 patriae
522 467 768 546 appellationem
777 471 809 525 et
823 483 862 526 ne
882 465 917 524 in
935 469 1005 524 scta
1020 481 1077 524 sua
1089 462 1245 523 iuraretur

234 573 483 635 obstinatissime
500 591 668 648 recusasse,
683 591 723 632 ne
742 591 815 632 mox
834 571 951 631 maiore
970 570 1120 630 dedecore
1143 567 1245 646 impar

234 678 334 740 tantis
349 675 520 737 honoribus
535 675 739 736 inveniretur.
782 674 873 744 Quod
888 691 962 734 sane
979 691 1017 732 ex

235 783 376 845 oratione
404 782 481 858 eius,
511 780 662 860 quamde
690 784 822 856 utraque
842 797 875 838 re
897 778 1017 851 habuit,
1043 827 1229 888 mmm

235 889 342 965 colligi
378 894 499 968 potest,
537 887 588 947 vel
625 905 696 946 cum
734 885 788 960 ait,
824 887 954 944 similem
988 905 1018 944 ac
1262 901 1278 948 5

236 998 415 1071 compareat
430 996 574 1070 saturam
597 1012 649 1051 aec
672 1009 817 1066 umquam
840 999 1028 1050 mutaturum
1050 1011 1148 1051 mores
1167 1011 1246 1068 racc,

236 1119 329 1175 quam
348 1101 402 1158 diu
420 1117 514 1158 cauae
537 1100 646 1157 mentia
653 1099 785 1173 saieaet;
808 1098 860 1155 ced
882 1097 1008 1170 exempli
1030 1114 1124 1156 causa
1146 1115 1249 1156 cacca-

237 1208 310 1265 dcm
330 1223 402 1279 esce,
424 1223 462 1263 ae
484 1222 515 1263 ce
529 1211 651 1262 seaatm
673 1205 707 1262 ia
729 1209 799 1262 acta
822 1203 1000 1274 cuiusquam
1022 1202 1174 1278 obligaret,
1196 1205 1250 1278 qai

237 1312 339 1386 atiquo
353 1328 426 1369 casa
440 1311 555 1368 motari
563 1315 673 1383 posset.
717 1306 760 1366 Et
774 1324 883 1365 rursus

278 1415 317 1476 St
330 1418 452 1490 quaudo
474 1422 583 1488 actem,
598 1411 714 1489 inquit,
730 1414 767 1471 de
789 1414 926 1471 moribus
939 1415 1015 1470 meis
1028 1414 1189 1487 deuotoque
1202 1432 1250 1472 uo
1266 1425 1294 1470 10

238 1524 284 1580 bic
305 1524 409 1579 auimo
425 1521 642 1593 dubitaveritis,
654 1517 748 1596 (qaod
761 1521 853 1592 prim
874 1535 967 1592 qaum
989 1520 1116 1592 eueniat,
1131 1526 1199 1592 opto
1216 1525 1250 1576 at

238 1645 284 1686 me
298 1643 455 1702 cupremas
477 1626 542 1682 dice
555 1625 625 1682 huic
646 1631 780 1682 mutatae
793 1630 909 1682 uestrae
931 1624 968 1680 de
981 1641 1028 1680 me
1043 1625 1181 1696 opinioei
1194 1625 1250 1681 eri·

241 1732 323 1810 pn'at)
348 1731 426 1789 nihil
451 1731 576 1788 horroris
602 1731 713 1788 adiciet
737 1729 815 1787 atta
836 1731 946 1804 patria
970 1728 1141 1802 appellatio,
1166 1729 1250 1786 cobis

230 1844 340 1917 ¹actem
362 1836 552 1910 exprobrata
572 1842 626 1894 out
647 1836 843 1896 temeritatem
862 1835 954 1892 delati
973 1833 1049 1890 mibi
1067 1834 1133 1890 ciac
1147 1850 1259 1914 cogno·¹

239 1943 332 2000 mimis
346 1948 399 2000 aut
412 1941 648 1999 inconstantiam
662 1941 809 2002 contrarii
822 1941 859 1997 de
872 1957 918 1998 me
933 1939 1049 1996 iudicii.
1267 1950 1295 1995 15

186 2059 226 2111 68
280 2045 415 2123 Corpore
434 2043 498 2104 fuit
513 2042 618 2121 amplo
636 2048 732 2120 atque
749 2043 888 2118 robusto,
904 2047 1025 2102 statura
1039 2059 1119 2119 quae
1133 2041 1250 2103 iustam

240 2151 419 2227 excederet3
451 2149 536 2210 latus
564 2149 605 2209 ab
628 2147 746 2208 umeris
770 2154 803 2208 et
828 2153 962 2226 pectore,
985 2146 1097 2207 ceteris
1126 2165 1249 2224 quoque

240 2255 388 2316 membris
410 2273 510 2332 usque
534 2253 575 2315 ad
603 2254 682 2314 imos
707 2252 804 2332 pedes
826 2252 1023 2330 aequaliset

240 2379 431 2437 congruens3
467 2359 597 2420 sinistra
624 2377 721 2419 manu
749 2357 880 2435 agiliore
908 2376 944 2417 ac
971 2377 1023 2418 va·
1047 2332 1202 2466 {33⁰ssoe

240 2466 361 2540 lidiore,
376 2464 519 2526 articulis
542 2464 589 2525 ita
609 2463 720 2538 firmis,
739 2469 776 2523 ut
796 2481 904 2522 recens
926 2469 957 2523 et
977 2463 1023 2522 in·
1266 2475 1296 2520 aa

240 2577 363 2647 tegrum
384 2569 502 2630 malum
524 2569 625 2646 digito
650 2569 832 2645 terebraret,
855 2573 950 2646 caput
971 2569 1061 2646 pueri
1080 2569 1132 2629 vel
1154 2569 1249 2629 etiam

240 2675 451 2737 adulescentis
472 2674 582 2735 talitro
600 2675 790 2734 vulneraret.
834 2672 944 2733 Colore
959 2678 1027 2733 eret
1045 2673 1189 2749 candido,
1204 2692 1251 2734 oa·

240 2780 319 2859 pillo
345 2798 426 2859 pone
454 2779 635 2858 occipitium
667 2778 881 2840 summissiore
909 2784 945 2838 ut
972 2778 1125 2838 cervicem
1154 2771 1268 2838 etiam

240 2886 409 2962 obtegeret,
424 2885 508 2962 quod
529 2885 646 2961 gentile
666 2885 702 2944 in
722 2884 780 2944 illo
800 2885 982 2961 videbatur,
1004 2884 1086 2944 facie
1107 2882 1248 2961 honesta,

240 2991 275 3050 in
288 3009 351 3068 qua
364 2996 471 3050 tamen
486 2989 586 3051 crebri
595 2994 633 3050 et
647 2988 744 3050 subiti
758 2996 906 3064 tumores,
918 3008 989 3049 cum
1002 2989 1249 3068 praegrandibus
1266 3005 1296 3051 aa

209 3172 213 3181 Ι
241 3095 339 3156 oculis
358 3101 390 3156 et
411 3095 475 3173 qui,
490 3094 575 3174 quod
595 3095 708 3154 mirum
730 3099 822 3170 esset,
837 3099 933 3154 noctu
951 3093 1048 3155 etiam
1066 3100 1099 3154 et
1118 3094 1153 3154 in
1166 3100 1251 3155 tene·

240 3201 306 3262 bris
318 3200 471 3277 viderent,
487 3201 542 3262 sed
560 3200 601 3261 ad
619 3201 713 3261 breve
736 3205 768 3259 et
788 3219 859 3260 oum
878 3199 1015 3277 primum
1034 3219 1054 3261 a
1073 3218 1180 3260 somno
1198 3219 1250 3280 pa-

240 3307 392 3383 tuissent3
416 3305 529 3366 deinde
544 3325 666 3366 rursum
683 3305 902 3366 hebescebaut.
944 3306 1115 3366 Incedebat
1129 3304 1249 3366 cervice

240 3411 344 3488 rigida
362 3417 394 3472 et
413 3410 547 3490 obstipa,
562 3412 698 3474 adducto
720 3411 787 3470 fere
806 3409 907 3486 vultu,
922 3411 1106 3489 plerumque
1123 3410 1247 3487 tacitus,

239 3517 329 3577 nullo
349 3522 405 3577 aut
426 3516 587 3578 rarissimo
608 3516 706 3576 etiam
725 3534 796 3576 cum
815 3515 968 3593 proximis
988 3534 1129 3576 sermone
1150 3534 1248 3593 eoque
1264 3529 1294 3574 ao

206 3689 211 3700 ,
241 3622 431 3699 tardissimo,
453 3641 509 3683 nec
532 3621 599 3684 sine
621 3621 709 3681 molli
732 3621 868 3698 quadam
891 3620 1062 3697 digitorum
1086 3620 1249 3698 gesticula-

240 3727 334 3788 tione.
377 3728 463 3798 Quae
487 3726 594 3788 omnia
617 3725 742 3802 ingrata
764 3731 860 3803 atque
882 3726 1078 3802 arrogantiae
1102 3725 1197 3804 plena
1216 3731 1249 3786 et

1044 752 1155 801 Reium
1164 755 1224 802 title
