3078 4380
283 298 324 361 30
359 309 389 360 c.
416 308 573 359 sunroru
596 307 824 370 raanoumnr
845 307 896 357 nn
917 307 1007 357 vrrs
1032 305 1233 356 cansarum

282 481 438 557 congestis
453 481 549 540 etiam
563 467 695 557 probris,
711 485 743 539 et
757 478 912 539 iudicatos
929 478 1032 538 hostis
1046 478 1131 538 fame
1145 477 1285 536 necavit:

281 586 440 644 Neronem
454 584 488 643 in
503 584 608 645 insula
623 585 747 659 Pontia,
762 585 898 644 Drusum
918 584 952 643 in
971 583 1036 643 ima
1049 589 1137 660 parte
1160 581 1284 642 Palatii.

280 691 400 750 Putant
419 685 578 750 Neronem
600 690 640 749 ad
659 689 870 749 voluntariam
891 695 1024 749 mortem
1045 695 1195 762 coactum,
1215 707 1286 748 curu

210 862 213 866 ,
280 795 309 855 61
325 796 466 856 carnifex
480 796 572 873 quasi
583 814 622 854 ex
637 800 764 855 senatus
779 794 965 854 auctoritate
981 793 1096 853 missus
1111 793 1239 870 laqueos
1254 799 1287 854 et

249 912 264 958 5
280 919 376 961 uncos
390 905 573 976 ostentaret,
589 901 693 960 Druso
708 906 811 959 autern
827 900 904 960 adeo
918 899 1069 960 alimenta
1084 898 1237 959 subducta
1250 905 1287 959 ut

208 981 212 1031 s
280 1011 454 1067 tomentum
476 1025 492 1064 e
513 1005 628 1065 culcita
652 1005 855 1083 temptaverit
879 1005 1035 1080 mandere,
1058 1005 1219 1064 amborum
1241 1005 1285 1064 sic

280 1111 429 1189 reliquias
444 1111 602 1189 dispersas
617 1115 653 1170 ut
669 1110 722 1169 vix
736 1111 923 1188 quandoque
937 1109 1044 1186 colligi
1058 1115 1196 1188 possent.

321 1217 420 1295 Super
444 1221 566 1276 veteres
588 1216 704 1275 amicos
726 1235 761 1276 ac
782 1214 956 1277 familiares
975 1214 1090 1291 viginti
1113 1214 1174 1274 sibi
1195 1233 1212 1274 e
1232 1235 1286 1274 nu·
1299 1223 1336 1273 55

278 1364 324 1411 m
331 1365 443 1410 wma-
507 1340 592 1381 mero
606 1321 785 1399 principum
799 1319 939 1380 civitatis
954 1320 1186 1398 depoposcerat,
1198 1320 1285 1380 velut

235 1441 263 1487 10
278 1439 329 1485 lcrs
344 1440 394 1485 md
507 1425 701 1504 consiliarios
719 1425 753 1483 in
767 1425 902 1501 negotiis
919 1423 1062 1503 publicis.
1095 1425 1218 1484 Horum
1230 1426 1285 1484 vix

279 1513 388 1572 θύω
506 1531 584 1590 duos
604 1549 684 1590 anne
703 1537 768 1590 tres
787 1529 954 1589 incolumis
974 1509 1145 1606 praestitit,
1165 1535 1284 1590 ceteros

279 1636 376 1697 aliurn
396 1636 459 1697 alia
474 1637 512 1695 de
527 1655 621 1696 causa
637 1635 780 1714 perculit,
797 1636 880 1694 inter
897 1654 1060 1712 quoscum
1079 1635 1285 1712 plurimorum

278 1741 366 1802 clade
381 1741 507 1801 Aelium
523 1741 667 1801 Seianum
679 1764 685 1816 3
702 1741 850 1818 quemad
864 1758 1018 1800 summam
1032 1740 1207 1818 potentiam
1221 1760 1284 1800 non

279 1852 344 1906 tam
359 1846 579 1906 benevolentia
593 1851 788 1924 provexerat,
811 1865 905 1922 quam
926 1850 962 1905 ut
983 1855 1067 1904 esset
1086 1844 1175 1906 cuius
1195 1845 1285 1905 mini-

233 1965 262 2010 15
278 1951 373 2011 sterio
393 1969 429 2010 ac
447 1951 613 2010 fraudibus
630 1949 751 2010 liberos
768 1949 948 2010 Germanici
967 1950 1217 2024 circumveniret,
1233 1970 1283 2012 ne-

277 2061 444 2134 potemque
456 2075 547 2116 suum
563 2075 601 2115 ex
617 2057 720 2116 Druso
735 2055 801 2115 filio
812 2055 989 2114 naturalem
1000 2055 1041 2115 ad
1056 2056 1282 2116 successionem

277 2161 401 2239 imperii
416 2160 621 2220 confirmaret.

316 2265 427 2324 Nihilo
445 2265 545 2324 lenior
564 2266 597 2324 in
617 2265 810 2327 convictores
828 2265 1009 2341 Graeculos,
1025 2265 1138 2343 quibus
1154 2266 1205 2325 vel
1223 2285 1283 2326 ma
1296 2272 1335 2322 tc

275 2434 320 2482 nis
332 2437 440 2482 mma
503 2371 587 2430 xime
608 2370 834 2447 acquiescebat.
876 2373 1039 2430 Xenonem
1059 2371 1215 2448 quendam
1233 2391 1282 2431 ex-

231 2487 260 2532 au
504 2475 652 2552 quisitius
675 2475 933 2535 sermocinantem
955 2494 1025 2534 cum
1047 2475 1281 2553 interrogasset,

276 2599 429 2658 quaenam
447 2580 584 2640 illatam
605 2580 737 2639 molesta
757 2579 908 2640 dialectos
928 2585 1020 2655 esset,
1036 2585 1068 2639 et
1085 2579 1139 2640 1116
1159 2599 1282 2659 respon-

276 2685 375 2745 disset
402 2685 561 2760 Doridem,
584 2684 736 2760 relegavit
765 2684 933 2759 Cinariam,
960 2684 1145 2745 existimans
1174 2704 1281 2764 expro

275 2791 400 2850 bratum
435 2790 497 2850 sibi
532 2795 668 2849 veterem
704 2808 870 2865 secessum,
896 2790 981 2866 quod
1015 2789 1127 2850 Dorice
1162 2790 1280 2850 Rhodii

274 2898 451 2975 loquantur.
495 2898 577 2956 Item
596 2916 666 2956 cum
681 2896 795 2956 soleret
812 2915 851 2955 ex
868 2897 1002 2958 lectione
1018 2897 1177 2958 cotidiana
1191 2917 1282 2975 quae-

229 3019 258 3064 25
275 3003 392 3063 stiones
411 3021 504 3080 super
522 3020 630 3061 cenam
651 3020 823 3080 proponere
840 3007 872 3062 et
891 3002 1094 3080 comperisset
1117 3002 1281 3063 Seleucum

275 3107 513 3184 grammaticum
537 3126 556 3166 a
581 3106 734 3166 ministris
758 3107 823 3166 suis
845 3109 1033 3185 perquirere,
1058 3126 1135 3184 quos
1158 3126 1280 3185 quoque

275 3217 414 3289 tempore
428 3218 577 3272 tractaret
593 3219 743 3289 auctores,
759 3219 853 3290 atque
868 3214 915 3273 ita
929 3220 1152 3292 praeparatum
1164 3214 1280 3288 venire,

275 3317 412 3395 primum
430 3336 451 3377 a
467 3318 670 3378 contubernio
689 3319 831 3394 removit,
848 3319 961 3379 deinde
980 3319 1072 3378 etiam
1090 3319 1130 3378 ad
1150 3325 1280 3377 mortem
1298 3319 1301 3325 ’

276 3422 436 3508 compulit.

230 3543 259 3587 36
317 3532 416 3590 Saeva
426 3550 463 3590 ac
476 3530 564 3591 lenta
577 3537 689 3591 natura
699 3550 738 3590 ne
753 3531 787 3590 in
802 3550 899 3609 puero
909 3531 1037 3609 quidem
1053 3530 1164 3590 latuit:
1188 3548 1278 3606 quam
1296 3535 1333 3587 57

275 3636 458 3697 Theodorus
473 3637 635 3697 Gadareus
649 3636 823 3697 rhetoricae
840 3642 1022 3715 praeceptor
1036 3642 1068 3695 et
1082 3636 1281 3715 perspexisse

275 3742 396 3822 primus
416 3741 569 3817 sagaciter
584 3748 615 3802 et
629 3741 820 3802 assimilasse
839 3741 1002 3819 aptissime
1024 3742 1111 3802 visus
1133 3748 1190 3819 est,
1215 3743 1282 3802 sub
