3106 4378
301 287 341 352 78
376 301 406 352 C.
430 298 586 351 SUETONI
608 299 838 361 TRANQUILLI
862 300 912 349 Du
934 299 1025 349 VITA
1048 290 1252 352 CAESARUM

298 490 373 530 men
392 471 573 549 assumpsit.
616 472 730 534 Infans
754 479 860 531 autem
882 471 1012 532 relictus
1035 491 1054 532 a
1074 477 1172 550 patre,
1193 491 1229 532 ac
1251 493 1307 551 per

298 595 389 636 omne
403 577 470 637 fere
485 576 639 654 pueritiae
656 582 751 654 atque
771 576 1002 637 adulescentiae
1023 565 1148 655 tempus
1163 577 1259 638 variis
1274 584 1306 638 et

297 681 460 743 tenacibus
475 682 592 742 morbis
608 681 806 741 conflictatus
821 687 878 756 est,
893 683 971 742 adeo
990 688 1026 742 ut
1045 682 1150 742 animo
1165 682 1258 743 simul
1273 689 1306 743 et

297 805 425 866 corpore
439 787 595 862 hebetato,
610 805 650 845 ne
665 805 831 865 progressa
845 786 974 864 quidem
989 792 1091 847 aetate
1105 786 1165 847 ulli
1179 788 1305 865 publico

267 892 484 972 sprivatoque
509 892 632 951 muneri
662 891 779 952 habilis
813 891 1056 952 existimaretur.
1112 892 1178 952 Diu
1210 899 1305 971 atque

298 998 394 1058 etiam
408 1002 480 1076 post
494 997 627 1057 tutelam
642 1002 800 1075 receptam
815 996 912 1056 alieni
926 997 1049 1056 arbitrii
1069 1002 1101 1056 et
1120 998 1179 1058 sub
1195 999 1305 1076 paeda

298 1121 376 1180 gogo
391 1103 470 1179 fuit,
494 1120 587 1180 quem
606 1103 773 1163 barbarum
791 1107 823 1161 et
840 1101 914 1161 clim
936 1102 1250 1180 superiumentarium
1266 1123 1305 1163 ex

297 1207 456 1269 industria
476 1208 538 1268 sibi
559 1208 750 1286 appositum,
765 1213 801 1266 ut
823 1225 856 1267 se
877 1206 1126 1285 quibuscumque
1144 1209 1182 1268 de
1202 1209 1304 1270 causis

298 1332 392 1392 quam
407 1312 590 1374 saeuissime
604 1319 768 1387 coerceret,
783 1313 850 1390 ipse
865 1313 1001 1390 quodam
1019 1313 1129 1373 libello
1147 1315 1306 1391 conqueri-

253 1435 282 1481 10
297 1425 358 1480 tur.
394 1418 442 1480 Ob
455 1418 537 1478 hanc
552 1419 682 1478 eandem
697 1417 911 1478 valetudinem
923 1423 954 1477 et
966 1417 1153 1495 gladiatorio
1168 1437 1304 1494 munere,

298 1525 382 1601 quod
396 1523 490 1585 simul
506 1540 575 1583 cum
588 1524 687 1583 fratre
699 1523 867 1583 memoriae
878 1523 979 1600 patris
991 1523 1112 1598 edebat,
1124 1523 1306 1600 palliolatus

298 1647 472 1715 novomcre
482 1629 657 1706 praesedit3
678 1634 710 1688 et
721 1634 811 1704 togae
821 1627 924 1687 virilis
936 1627 987 1687 die
998 1627 1081 1687 circa
1092 1628 1227 1688 mediam
1238 1649 1307 1689 noc-

292 1740 361 1812 'tem
376 1735 443 1794 sine
458 1733 604 1795 sollemni
622 1733 722 1794 officio
741 1733 854 1793 lectica
874 1733 909 1792 in
930 1733 1123 1810 Capitolium
1144 1733 1227 1794 latus
1249 1740 1304 1794 est.

298 1838 485 1919 Disciplinis
500 1845 606 1900 tamen
621 1838 804 1920 liberalibus
820 1839 859 1898 ab
874 1842 978 1898 aetate
992 1838 1095 1916 prima
1112 1858 1173 1898 non
1192 1839 1338 1900 medior·

254 1958 282 2004 ts
298 1963 380 2004 crem
395 1944 623 2023 operam-dedit
643 1963 679 2004 ac
699 1962 790 2022 saepe
812 1943 1028 2022 experimenta
1045 1944 1195 2022 cuiusque
1209 1945 1306 2005 etiam

298 2049 481 2128 publicavit.
530 2051 648 2111 Verum
670 2067 709 2108 ne
732 2049 777 2109 sic
799 2048 927 2126 quidem
949 2049 1119 2127 quicquam
1140 2049 1306 2126 dignitatis

229 2180 231 2184 ·
298 2155 423 2232 assequi
438 2159 493 2214 aut
508 2172 595 2232 spem
610 2155 649 2214 de
663 2172 697 2216 se
711 2154 952 2214 commodiorem
969 2154 1004 2213 in
1023 2160 1183 2233 posterum
1201 2155 1305 2215 facere

298 2259 410 2338 potuit.

338 2365 442 2425 Mater
463 2364 602 2426 Antonia
619 2373 792 2441 portentum
813 2384 881 2424 euru
902 2367 1033 2425 lerninis
1054 2364 1230 2440 dictitabat,
1252 2385 1306 2426 uec

253 2485 283 2530 ao
299 2471 467 2530 absolutura
489 2490 509 2530 a
529 2479 651 2544 acturo,
669 2473 726 2528 'scd
744 2479 864 2530 'tautum
886 2473 1077 2543 iaculatum·
1105 2489 1141 2529 ac
1163 2471 1190 2530 si
1212 2489 1305 2548 quem

527 2575 685 2635 socordiae
700 2580 854 2651 argueret,
870 2577 1034 2636 stultiorem
1053 2574 1157 2634 aiebat
1167 2579 1305 2658 filiosuo

299 2665 468 2752 ³¹²⁰bl⁰⁰t9f
529 2678 666 2740 Claudio.
712 2677 797 2739 Avia
817 2680 962 2756 Augusta
986 2699 1042 2756 pro
1067 2680 1306 2758 despectissimo

299 2742 464 2875 grurtffltym
528 2804 649 2863 semper
663 2785 784 2859 habuit,
799 2803 863 2844 non
877 2784 967 2844 affari
982 2785 1043 2844 nisi
1059 2785 1227 2859 rarissime,
1242 2806 1305 2846 non

526 2909 652 2951 monere
673 2890 735 2950 nisi
757 2889 868 2950 acerbo
888 2894 920 2948 et
941 2889 1029 2948 brevi
1045 2890 1163 2968 scripto
1177 2897 1231 2951 aut
1250 2911 1306 2970 per

255 3017 283 3064 25
300 2998 512 3059 internuntios
535 2996 636 3057 solita.
680 2995 772 3055 Soror
791 2993 911 3054 Livilla
925 3013 994 3054 cum
1014 2995 1155 3056 audisset
1171 2998 1307 3073 quando

301 3122 361 3182 que
380 3104 616 3182 imperaturum,
630 3106 697 3161 tam
714 3099 858 3176 iniquam
877 3105 909 3158 et
925 3104 993 3159 tam
1012 3100 1174 3178 indignam
1191 3107 1307 3163 sortem

302 3208 410 3287 populi
425 3207 560 3267 Romani
575 3205 678 3284 palam
693 3210 725 3264 et
740 3203 821 3264 clare
841 3204 999 3265 detestata
1015 3211 1072 3265 est.
1115 3207 1197 3266 Nam
1213 3225 1308 3266 avun-

302 3313 390 3374 culus
413 3312 512 3373 maior
535 3312 699 3388 Augustus
722 3309 861 3387 quidde
884 3328 920 3368 eo
942 3309 975 3368 in
997 3316 1161 3388 utramque
1185 3318 1308 3390 partem

303 3419 449 3497 opinatus
471 3418 522 3493 sit,
546 3436 608 3495 quo
629 3415 746 3476 certius
772 3420 985 3491 cognoscatur,
1010 3417 1116 3494 capita
1143 3417 1307 3496 exipsius

258 3541 288 3587 tu
302 3523 448 3604 epistulis
462 3522 568 3601 posui:

347 3629 514 3691 Collocutus
538 3648 605 3688 sura
630 3647 697 3686 cum
726 3628 855 3699 Tiberia,
874 3635 907 3685 ut
930 3629 1093 3702 mandasti,
1115 3647 1183 3688 ruso
1206 3631 1342 3705 Liuiu,4

304 3737 378 3812 quid
395 3737 496 3810 nepoti
515 3743 565 3793 tuo
588 3735 708 3794 Tiberio
722 3734 902 3808 faciendum
916 3732 1084 3793 essetludis
1104 3734 1309 3796 Martialibus.
