3106 4378
454 296 584 355 ,111111
608 297 640 345 u.
695 295 807 346 uivus
830 293 1024 346 1111111111.
1167 309 1168 312 ¹
1211 280 1252 346 83

217 531 220 536 ,
247 474 357 528 111111
373 467 514 543 segniore
531 467 565 525 iu
583 466 791 543 exsequendis
806 465 971 526 conatibus
990 484 1045 542 per·
1061 464 1201 525 taedium
1216 483 1253 525 ac

242 573 472 633 dissensionem
488 571 613 631 diversa
627 569 831 645 censentium,
841 575 873 630 et
887 570 1092 630 multitudine
1103 589 1182 647 quae
1196 569 1253 629 cir·
1317 547 1320 556 ’

246 678 423 738 cumstabat
437 696 533 736 unum
553 682 704 735 rectorem
719 675 781 734 11111
801 681 833 734 11
850 674 1037 734 nominatim
1055 680 1250 752 exposcente,

247 789 382 843 armatos
404 802 460 860 pro
481 781 626 841 contione
646 780 749 840 iurare
771 781 805 838 11
825 799 938 840 nomen
960 799 1051 840 suum
1073 799 1184 858 passus
1203 787 1251 841 est

246 888 452 966 promisitque
474 886 607 962 singulis
632 885 729 962 quina
753 885 835 944 dena
859 885 1012 960 sestertia,
1035 885 1154 963 primus
1179 887 1289 954 Caes

247 1013 351 1054 sarum
369 993 463 1052 fidem
483 990 595 1052 militis
616 990 711 1050 etiam
731 990 869 1068 praemio
889 990 1081 1068 pigneratus.

195 1119 230 1168 11
287 1099 425 1178 Imperio
435 1097 584 1171 stabilito,
596 1095 677 1154 nihil
689 1095 850 1172 antiquius
859 1095 952 1154 duxit
962 1115 1057 1173 quam
1068 1096 1101 1156 id
1110 1097 1250 1173 biduum,

246 1225 309 1283 quo
323 1206 361 1265 de
375 1204 526 1264 mutando
537 1203 582 1261 rei
597 1201 740 1280 publicae
755 1206 840 1261 statu
851 1200 1042 1262 haesitatum
1053 1208 1129 1278 erat,
1139 1222 1252 1262 memo

247 1311 311 1372 riae
322 1310 467 1370 eximere.
511 1307 658 1369 Omnium
674 1306 780 1384 itaque
793 1307 948 1366 factorum
962 1308 1025 1367 die·
1049 1298 1188 1422 m'm

246 1424 410 1494 torumque
425 1417 459 1475 iu
474 1435 510 1476 eo
524 1415 647 1475 veniam
659 1420 691 1474 et
707 1414 895 1474 oblivionem
910 1415 944 1473 in
958 1434 1025 1492 per·
1267 1430 1297 1476 10

246 1529 376 1601 petuum
397 1521 503 1582 sanxit
521 1539 557 1580 ac
577 1520 745 1598 praestitit,
761 1519 896 1580 tribunis
915 1521 1008 1581 modo
1027 1541 1063 1583 ac
1077 1523 1251 1584 centurion-

246 1629 317 1688 ibus
332 1627 440 1706 paueis
451 1627 706 1686 econiuratorum
723 1625 758 1683 111
769 1625 883 1686 Gaium
897 1645 1027 1686 numero
1040 1627 1249 1707 interemptis,

246 1733 383 1811 exempli
398 1732 491 1792 simul
512 1750 606 1791 causa
625 1736 656 1790 et
675 1732 759 1808 quod
773 1750 863 1790 suam
881 1750 1005 1809 quoque
1020 1734 1144 1794 eaedem
1160 1735 1250 1812 depe

246 1840 383 1917 poscisse
404 1843 599 1914 cognoverat.
643 1836 819 1897 Conversus
838 1835 913 1896 hinc
932 1839 972 1897 ad
991 1837 1092 1899 officia
1110 1839 1249 1917 pietatis,

246 1943 476 2004 iusiurandum
495 1961 596 2020 neque
612 1943 751 2002 sanctius
766 1942 827 2002 sibi
841 1961 941 2020 neque
957 1944 1095 2004 crebrius
1109 1944 1251 2006 instituit
1267 1958 1296 2004 15

246 2069 340 2127 quam
359 2067 416 2128 per
435 2013 628 2123 Augustum
666 2047 766 2107 Aviae
785 2047 895 2107 Liviae
917 2047 1041 2109 divinos
1063 2048 1196 2110 honores
1218 2056 1250 2111 et

246 2155 378 2214 circensi
401 2172 515 2233 pompa
539 2171 664 2212 currum
691 2153 937 2230 elephantorum,
963 2154 1143 2230 Augustino
1168 2156 1250 2216 simi-

245 2259 317 2335 lem,
346 2259 541 2319 decernenda
569 2258 706 2333 curavit3
736 2258 917 2335 parentibus
945 2259 1076 2321 inferias
1098 2261 1249 2338 publicas,

246 2371 277 2426 et
296 2364 355 2426 hoc
374 2363 511 2443 amplius
528 2363 611 2442 patri
628 2363 782 2424 circenses
803 2382 923 2425 annuos
944 2365 1043 2426 natali
1064 2366 1135 2443 die;
1157 2367 1251 2426 matri

246 2477 438 2550 carpentum,
470 2489 532 2548 quo
566 2489 621 2548 per
656 2469 770 2529 circum
805 2471 979 2547 duceretur,
1014 2477 1046 2532 et
1081 2491 1251 2549 cognomen
1266 2481 1296 2542 20

245 2577 418 2654 Augustae,
447 2576 487 2635 ab
513 2575 587 2635 viva
613 2581 798 2636 recusatum.
842 2576 891 2636 Ad
921 2577 1030 2638 fratris
1059 2578 1249 2654 memoriam,

245 2702 300 2761 per
325 2701 448 2742 omnem
471 2681 664 2743 occasionem
690 2682 887 2758 celebratam,
913 2684 1103 2744 comoediam
1126 2703 1250 2763 quoque

246 2790 395 2850 Graecam
418 2787 631 2866 Neapolitano
652 2789 821 2848 certamine
842 2789 948 2848 docuit
970 2808 1006 2849 ac
1029 2790 1068 2849 de
1094 2787 1251 2851 sententia

246 2895 384 2956 iudicum
406 2894 575 2954 coronavit.
626 2894 676 2953 Ne
698 2896 839 2954 Marcum
861 2895 989 2972 quidem
1010 2896 1185 2956 Antonium
1206 2895 1251 2954 11-

245 3001 432 3060 honoratum
457 3018 493 3060 ac
518 3003 586 3060 sine
610 3006 699 3077 grata
724 3002 882 3061 mentione
906 3001 1092 3077 transmisit,
1114 3007 1250 3062 testatus
1266 3015 1296 3060 25

245 3089 403 3184 quondam
434 3124 490 3184 per
518 3107 666 3180 edictum,
694 3112 784 3166 tanto
813 3107 987 3185 impensius
1020 3113 1125 3185 petere
1155 3126 1187 3167 se
1216 3113 1252 3167 ut

244 3213 381 3273 natalem
396 3213 497 3290 patris
512 3213 609 3274 Drusi
623 3213 825 3284 celebrarent,
841 3214 925 3292 quod
941 3213 1023 3273 idem
1042 3220 1127 3275 esset
1146 3219 1178 3274 et
1199 3215 1251 3274 avi

246 3320 294 3380 sui
315 3317 457 3378 Antonii.
501 3319 626 3378 Tiberio
650 3338 855 3378 marmoreum
879 3338 984 3379 arcum
1006 3319 1097 3380 iuxta
1119 3318 1251 3398 Pompei

245 3424 413 3498 theatrum
436 3424 594 3484 decretum
617 3423 742 3501 quidem
765 3425 839 3483 olim
862 3443 881 3484 a
901 3429 1012 3485 senatu
1031 3443 1140 3485 verum
1162 3425 1252 3485 omis-

246 3548 325 3604 sum,
340 3528 470 3607 peregit
515 3528 575 3589 Gai
590 3546 713 3606 quoque
728 3529 789 3589 etsi
804 3535 875 3589 acta
891 3529 997 3589 omnia
1014 3529 1152 3606 rescidit,
1167 3530 1250 3590 diem
1268 3535 1308 3585 ³⁰,

245 3639 352 3694 tamen
373 3632 468 3707 necis,
491 3633 652 3710 quamvis
654 3632 822 3694 exordium
850 3631 1062 3712 principatus
1072 3634 1131 3710 111,
1149 3633 1252 3750 vetuit

245 3739 329 3800 inter
352 3739 452 3799 festos
477 3739 595 3800 referri.
