3078 4380
481 269 482 272 ’
564 295 673 346 omne
697 295 746 346 111.
800 295 981 348 risnarus
1234 284 1276 350 17

271 471 373 529 liberet
390 471 610 528 tremescere
624 471 748 545 publica
763 467 955 547 depoposcit,
976 473 1097 545 quando
1117 474 1276 530 universae

271 575 403 650 sufficere
423 575 503 633 solos
524 593 610 633 nemo
625 583 735 649 posset,
750 577 812 632 uisi
830 593 897 633 oum
919 576 1011 634 altero
1032 577 1077 634 cel
1098 578 1189 634 etiam
1208 595 1276 635 cum

273 681 423 756 pluribus.
467 677 637 738 Simulavit
651 684 682 737 et
697 677 919 754 valetudinem,
935 698 997 756 quo
1010 680 1155 757 aequiore
1171 680 1275 740 animo

272 783 477 845 Germanicus
505 783 638 842 celerem
666 783 892 842 successionem
914 784 964 843 vel
989 790 1073 844 certe
1094 785 1275 846 societatem

267 887 463 965 principatus
475 888 679 966 opperiretur.
713 887 905 965 Compositis
917 889 1123 951 seditionibus
1137 889 1276 951 Clemen·
1290 910 1306 955 o

269 997 332 1052 tem
362 1009 494 1069 quoque,
522 990 635 1050 fraude
662 990 836 1068 deceptum,
865 990 986 1067 redegit
1014 993 1046 1052 in
1074 999 1273 1072 potestatem.

270 1096 431 1172 Libonem,
456 1115 496 1156 ne
520 1095 598 1173 quid
620 1095 654 1155 in
677 1095 817 1155 novitate
846 1096 987 1157 acerbius
1014 1097 1111 1175 fieret,
1138 1102 1274 1161 secundo

270 1202 395 1262 demum
416 1221 498 1263 anno
518 1202 552 1260 in
573 1205 685 1262 senatu
706 1201 855 1277 coarguit,
877 1203 980 1262 medio
1001 1204 1150 1281 temporis
1172 1207 1274 1283 spatio

269 1311 393 1367 tantum
407 1325 516 1367 cavere
533 1311 717 1381 contentus3
747 1325 820 1366 nam
841 1313 873 1366 et
893 1307 976 1366 inter
997 1308 1161 1386 pontifices
1183 1310 1275 1370 sacri·

269 1411 377 1472 ficanti
396 1410 490 1472 simul
511 1430 568 1489 pro
589 1411 744 1489 secespita
758 1411 944 1489 plumbeum
966 1413 1102 1472 cultrum
1124 1414 1318 1478 subicien-1o

269 1517 345 1576 dum
359 1517 490 1592 curavit,
506 1522 538 1576 et
552 1521 707 1576 secretum
722 1509 844 1594 petenti
860 1507 987 1578 nonnisi
1004 1518 1148 1579 adhibito
1169 1521 1273 1582 Druso

268 1621 336 1682 filio
356 1621 453 1697 dedit,
476 1621 682 1699 dextramque
703 1621 935 1682 obambulantis
955 1622 1056 1682 veluti
1078 1623 1271 1702 incumbens,

268 1727 371 1805 quoad
384 1732 585 1806 perageretur
600 1745 710 1802 sermo,
725 1725 889 1787 continuit.

216 1839 254 1892 26
307 1833 424 1894 Verum
435 1832 587 1892 liberatus
601 1837 696 1907 metu,
708 1831 834 1892 civilem
845 1833 1014 1893 admodum
1033 1833 1115 1894 inter
1130 1834 1222 1896 initia
1236 1855 1272 1897 ao

267 1938 361 2015 paulo
375 1937 479 1997 minus
494 1955 589 2015 quam
603 1936 764 2015 privatum
779 1937 850 2012 egit.
891 1939 939 1996 Ex
954 1938 1100 2016 plurimis
1115 1940 1273 2000 maximis·
1289 1956 1317 2001 lo

267 2061 328 2120 que
341 2042 511 2102 honoribus
527 2048 649 2120 praeter
663 2060 778 2119 paucos
793 2047 825 2101 et
836 2041 972 2102 modicos
984 2062 1047 2102 non
1203 2121 1208 2132 1

227 2155 231 2160 ’
266 2147 393 2227 recepit.
443 2147 592 2207 Natalem
621 2167 721 2221 suum,
746 2146 866 2224 plebeis
891 2147 1047 2242 incurren7
1072 2120 1245 2244 pomqmmg

267 2258 331 2312 tem
352 2252 552 2328 circensibus,
568 2252 623 2311 vix
644 2251 738 2311 unius
759 2252 850 2328 bigae
871 2253 1044 2313 adiectione

266 2357 413 2417 honorari
427 2375 538 2436 passus
552 2363 608 2417 est.
645 2356 784 2435 Templa,
795 2356 946 2433 flamines,
960 2359 1135 2420 sacerdotes
1147 2361 1271 2420 decerni

267 2462 328 2523 sibi
341 2461 511 2540 prohibuit,
527 2462 624 2523 etiam
638 2467 759 2522 statuas
777 2467 871 2538 atque
888 2461 1041 2538 imagines
1062 2465 1125 2524 nisi
1146 2467 1272 2544 permit·
1287 2484 1317 2529 ao

266 2572 353 2627 tento
375 2586 407 2628 se
428 2567 519 2644 poni:
548 2567 754 2645 permisitque
775 2585 812 2627 ea
833 2567 899 2627 sola
919 2568 1110 2645 condicione,
1128 2589 1167 2629 ne
1188 2571 1271 2630 inter

266 2672 434 2732 simulacra
447 2672 575 2731 deorum
594 2672 649 2732 sed
671 2672 753 2732 inter
774 2677 957 2732 ornamenta
978 2673 1102 2734 aedium
1123 2694 1272 2753 poneren-

266 2783 326 2836 tur.
369 2777 555 2837 Intercessit
572 2784 603 2836 et
622 2796 684 2855 quo
703 2777 807 2838 minus
828 2777 862 2836 in
884 2783 953 2838 acta
975 2797 1032 2838 sua
1052 2779 1216 2857 iuraretur,
1238 2787 1270 2842 et

265 2901 304 2942 ne
335 2881 453 2942 mensis
485 2882 668 2960 September
700 2883 852 2957 Tiberius,
879 2883 1013 2944 October
1044 2884 1155 2945 Livius
1184 2904 1272 2946 voca-

266 2992 382 3048 rentur.
437 2986 633 3047 Praenomen
660 3006 784 3066 quoque
813 2994 1005 3065 imperatoris
1038 3008 1271 3068 cognomenque
1287 3005 1317 3052 ab

261 3095 362 3167 patria
385 3097 516 3168 patriae,
546 3098 578 3153 et
606 3092 738 3153 civicam
768 3092 802 3153 in
828 3094 986 3154 vestibulo
999 3081 1001 3085 ⁸
1014 3113 1157 3154 coronam
1188 3114 1272 3156 recu·

267 3195 363 3273 savit,
386 3216 422 3258 ac
443 3216 482 3256 ne
504 3198 636 3276 Augusti
656 3199 783 3276 quidem
804 3218 926 3275 nomen,
942 3218 1128 3278 quamquam
1151 3199 1272 3261 heredi·

265 3301 391 3379 tarium,
406 3303 483 3362 ullis
497 3303 560 3363 nisi
575 3304 615 3363 ad
634 3322 723 3379 reges
741 3323 777 3364 ac
798 3305 948 3383 dynastas
970 3305 1116 3384 epistulis
1137 3306 1269 3367 addidit.

184 3415 186 3420 '
265 3406 334 3467 Nec
357 3407 494 3486 amplius
519 3427 613 3486 quam
638 3427 710 3467 mox
734 3413 799 3468 tres
824 3410 1015 3486 consulatus,
1040 3431 1138 3470 unum
1162 3412 1271 3489 paucis

267 3510 384 3587 diebus,
400 3512 534 3572 alterum
548 3513 649 3574 tribus
664 3513 832 3589 mensibus,
844 3515 974 3574 tertium
992 3515 1104 3576 absens
1120 3534 1220 3593 usque
1237 3517 1270 3575 in
1286 3539 1317 3584 30

207 3627 214 3644 ·
266 3616 344 3677 Idus
358 3617 462 3678 Maias
476 3618 583 3693 gessit.
981 3695 983 3701 Α
1295 3661 1320 3692 s

214 3724 252 3776 27
307 3719 514 3782 Adulationes
528 3723 606 3782 adeo
620 3728 783 3784 aversatus
798 3730 856 3800 est,
870 3729 908 3785 ut
920 3724 1079 3786 neminem
1094 3729 1270 3786 senatorum
1304 3705 1319 3717 κ
