3078 4380
292 286 333 350 34
369 298 398 350 c.
425 299 581 352 sunroru
603 300 832 364 namuurum
854 301 904 352 nn
925 301 1015 352 vrrs
1039 269 1284 351 unnsxnum‘²‘·'
1357 327 1358 330 η

289 491 348 533 nae
377 478 408 532 et
435 473 534 550 pueri.
588 474 780 534 Immaturae
808 475 941 553 puellae,
967 474 1042 552 quia
1066 492 1151 534 more
1178 473 1297 534 tradito

289 579 379 638 nefas
394 583 479 638 esset
493 578 632 654 virgines
647 579 847 655 strangulari,
859 579 991 640 vitiatae
1006 580 1092 658 prius
1108 599 1127 639 a
1140 577 1296 655 carnifice,

288 683 363 744 dein
375 684 599 761 strangulatae.
642 685 725 744 Mori
740 684 918 745 volentibus
933 685 981 744 vis
1002 685 1145 745 adhibita
1158 684 1294 743 vivendi.

288 792 372 851 Nam
403 795 536 850 mortem
564 790 643 850 adeo
670 790 739 849 leve
771 790 961 868 supplicium
996 791 1136 868 putabat,
1161 795 1198 849 ut
1225 809 1296 849 cnm

258 912 273 957 5
289 897 430 957 audisset
447 916 544 956 unum
560 914 576 955 e
591 897 662 971 reis,
678 896 848 956 Carnulum
863 895 998 971 nomine,
1013 896 1202 975 anticipasse
1217 915 1294 971 eam,

289 1002 531 1063 exclamaverit:
557 1002 708 1076 Cornutus
722 1021 768 1061 me
783 1005 885 1060 evusd.
928 1002 971 1060 Et
987 1001 1021 1060 in
1038 1001 1295 1077 recognoscendis

240 1093 241 1097 ¹
289 1108 440 1169 custodiis
455 1106 598 1186 precanti
612 1107 737 1167 cuidam
750 1125 868 1185 poenae
882 1106 1099 1166 maturitatem
1116 1106 1293 1183 respondit:

289 1215 435 1273 Nondum
450 1222 545 1272 tecum
560 1216 738 1289 ingratiam
757 1216 843 1272 redii.
886 1211 1063 1272 Annalibus
1084 1211 1149 1272 suis
1165 1211 1213 1269 vir
1227 1205 1296 1270 c'on-

289 1318 403 1379 sularis
421 1318 565 1393 inseruit,
586 1306 747 1394 frequenti
768 1317 926 1394 quondam
948 1317 1100 1392 convivio,
1116 1316 1167 1376 cni
1181 1322 1213 1375 et
1227 1317 1295 1394 ipse

245 1437 273 1483 10
289 1423 425 1497 affuerit,
440 1423 668 1499 interrogatum
682 1440 754 1481 eum
770 1421 874 1482 subito
888 1428 920 1482 et
933 1422 1017 1482 clare
1032 1441 1051 1481 a
1065 1422 1199 1498 quodam
1213 1439 1295 1481 nano

289 1529 434 1589 adstante
458 1545 583 1587 mensae
604 1527 687 1586 inter
708 1545 844 1604 cupreas,
866 1545 921 1586 cur
941 1527 1097 1586 Paconius
1118 1525 1294 1586 maiestatis

289 1653 360 1694 reus
375 1632 512 1692 tamdiu
525 1631 655 1707 viveret,
671 1632 778 1692 statim
794 1631 921 1708 quidem
938 1631 1147 1709 petulantiam
1168 1630 1295 1707 linguae

289 1739 479 1814 obiurgasse,
503 1742 641 1796 ceterum
662 1742 734 1814 post
754 1755 869 1814 paucos
892 1737 960 1798 dies
984 1737 1148 1814 scripsisse
1172 1737 1295 1795 senatui

288 1850 324 1904 ut
339 1844 377 1903 de
392 1861 493 1920 poena
506 1842 623 1901 Paconi
638 1860 732 1918 quam
747 1842 881 1919 prirnnm
898 1847 1059 1902 statueret.

244 1963 272 2007 1⁶
329 1947 430 2008 Auxit
454 1946 654 2023 intenditque
679 1947 853 2021 saevitiam,
879 1941 1082 2007 exacerbatus
1111 1947 1228 2007 indicio
1256 1948 1294 2007 de
1308 1957 1345 2009 62

206 2111 207 2114 ,
289 2059 388 2113 morte
403 2051 463 2112 filii
478 2051 528 2110 sui
542 2051 647 2111 Drusi.
686 2051 785 2134 Quem
800 2069 870 2110 cnm
884 2051 992 2111 morbo
1007 2057 1038 2110 et
1052 2051 1295 2129 intemperantia

516 2155 636 2235 perisse
658 2155 862 2230 existimaret,
880 2162 914 2215 ut
928 2157 1057 2216 tandem
1078 2175 1197 2216 veneno
1218 2157 1294 2216 inte·

288 2223 455 2344 3:¹0¹}ssssssss
516 2266 672 2338 remptum
687 2260 799 2333 fraude
811 2260 946 2320 Liuillae
959 2260 1066 2322 uxoris
1082 2267 1177 2338 atque
1188 2261 1294 2322 Seiani

288 2367 479 2419 tuemurderof
516 2366 670 2441 cognovit,
695 2383 797 2442 neque
820 2365 987 2426 tormentis
1011 2385 1114 2443 neque
1139 2366 1295 2444 supplicio

243 2485 273 2530 ao
288 2447 387 2494 Dm*
516 2471 700 2547 cuiusquam
715 2471 863 2548 pepercit,
876 2471 935 2531 soli
950 2471 1024 2531 huic
1035 2471 1206 2546 cognitioni
1217 2472 1319 2531 adeo
1379 2537 1380 2540 Ἴ

289 2599 344 2657 per
358 2584 440 2638 totos
459 2577 527 2636 dies
546 2576 673 2636 deditus
695 2581 726 2635 et
747 2578 899 2652 intentus,
914 2582 950 2636 ut
965 2577 1179 2636 Rhodiensem
1192 2576 1296 2654 hospi-

188 2695 194 2706 ·
288 2691 362 2758 tem,
386 2701 479 2760 quem
502 2681 714 2742 familiaribus
736 2681 851 2741 litteris
873 2682 1007 2741 Romam
1030 2686 1182 2756 evocarat,
1206 2682 1295 2741 adve

288 2791 372 2850 nisse
395 2789 455 2849 sibi
478 2787 668 2862 nuntiatum,
689 2787 830 2863 torqueri
851 2787 919 2846 sine
939 2805 1027 2846 mora
1049 2787 1184 2862 iusserit,
1204 2788 1294 2864 quasi

289 2895 404 2972 aliquis
426 2913 465 2953 ex
485 2893 669 2953 necessariis
694 2891 873 2969 quaestioni
894 2893 1034 2968 adesset3
1058 2891 1170 2952 deinde
1193 2911 1295 2951 errore

243 3014 272 3059 25
289 3001 420 3074 detecto,
446 3005 478 3058 et
506 2997 615 3072 occidi,
644 3017 684 3058 ne
707 2997 852 3074 vulgaret
879 2996 1036 3058 iniuriam.
1088 2997 1295 3058 Carnificinae

290 3105 356 3166 eius
371 3104 547 3165 ostenditur
568 3103 654 3164 locus
676 3103 814 3182 Capreis,
830 3105 912 3165 unde
932 3105 1095 3164 damnatos
1116 3109 1188 3182 post
1201 3103 1296 3178 longa
1338 3145 1344 3156 .

289 3217 321 3270 et
351 3209 510 3287 exquisita
540 3214 697 3269 tormenta
727 3209 929 3288 praecipitari
956 3228 1058 3269 coram
1089 3227 1121 3270 se
1148 3209 1183 3268 in
1210 3228 1294 3268 mare

290 3316 425 3390 iubebat,
449 3315 625 3392 excipiente
650 3315 880 3376 classiariorum
903 3335 998 3375 manu
1020 3321 1052 3375 et
1077 3315 1177 3374 contis
1201 3320 1295 3392 atque

289 3421 383 3482 remis
398 3421 536 3480 elidente
550 3421 711 3496 cadavera,
727 3439 766 3480 ne
781 3421 832 3480 cui
846 3421 964 3481 residui
979 3420 1110 3499 spiritus
1127 3420 1293 3497 quicquam

245 3543 273 3587 30
290 3505 427 3614 inassati
441 3507 449 3514 ”
463 3506 716 3602 Ἐἶςοοςὶῒανθνειῑ
748 3533 852 3586 autem
881 3526 963 3586 inter
997 3544 1112 3602 genera
1138 3526 1294 3585 cruciatus

290 3633 394 3708 etiam,
423 3638 459 3691 ut
487 3631 575 3706 larga
601 3630 679 3690 meri
714 3631 839 3708 potione
872 3649 927 3708 per
955 3631 1114 3691 fallaciam
1141 3637 1294 3706 oneratos,

290 3743 418 3816 repente
441 3735 573 3796 veretris
598 3734 755 3811 deligatis,
779 3733 977 3810 fidicularum
1005 3735 1100 3796 simul
1125 3734 1295 3812 urinaeque
