3078 4380
541 315 653 364 ursus
677 315 729 365 111.
780 313 961 366 binemus.
1214 301 1255 365 31

250 485 323 546 iude
344 485 377 544 in
397 487 590 563 obiurgando
609 487 772 565 appellans
793 505 863 546 eum
882 490 975 566 πηλὸν
990 489 1087 563 αἵματι
1100 487 1257 564 πεφυραμὲ

250 617 296 653 νον
314 590 364 670 [id
379 597 429 652 est
441 591 545 651 lutum
559 611 579 652 a
593 591 744 667 sanguiue
759 593 976 673 maceratum]
1021 591 1083 651 Sed
1093 589 1257 668 aliquanto

250 696 350 772 magis
369 697 403 755 in
425 696 567 775 principe
587 696 697 772 eluxit,
713 696 810 756 etiam
835 696 919 756 inter
939 696 1034 756 initia

250 821 319 862 cum
342 802 444 862 adhuc
467 802 606 862 favorem
623 801 786 861 hominum
808 801 1032 862 moderationis
1058 761 1228 895 {ffismf

250 907 452 969 simulat-ione
484 912 633 985 captaret.
684 907 837 983 Sourram,
866 907 921 984 qui
949 926 1035 985 prae-
1061 911 1176 970 severity
1186 911 1236 957 πᾶ
1273 926 1288 972 o

250 1019 393 1074 tereuute
432 1014 543 1072 funere
580 1012 663 1072 clare
701 1018 824 1072 mortuo
858 1013 1033 1088 mandarat,
1061 985 1161 1044 ‘mm'

250 1125 286 1179 ut
300 1119 462 1179 nuntiaret
486 1119 641 1194 Augusto,
666 1122 801 1178 accedam
826 1122 914 1178 reddi
940 1121 1037 1196 legata
1064 1140 1141 1196 quae
1159 1124 1259 1198 plebei

249 1228 425 1300 reliquisset,
442 1224 618 1284 adtractum
636 1223 676 1283 ad
697 1243 730 1284 se
749 1223 887 1301 recipere
906 1223 1047 1284 debitum
1070 1226 1203 1304 ducique
1218 1228 1259 1287 ad

250 1329 441 1408 supplicium
461 1328 639 1406 imperavit,
655 1333 687 1387 et
709 1328 792 1406 patri
814 1347 870 1388 suo
890 1347 1001 1389 vemm
1022 1330 1148 1391 referre.
1190 1333 1222 1391 N
1224 1351 1258 1392 ec

250 1435 350 1494 multo
372 1440 444 1512 post
469 1433 502 1492 in
529 1439 641 1494 senatu
665 1433 816 1511 Pompeio
838 1433 961 1494 cuidam
987 1435 1087 1512 equiti
1115 1437 1259 1497 Romano
1275 1447 1304 1493 10

250 1539 401 1618 quiddam
429 1538 625 1616 perneganti,
654 1539 729 1597 dum
756 1538 884 1598 vincula
915 1539 1063 1616 minatur,
1092 1541 1259 1601 affirmavit

250 1646 327 1718 fore,
343 1654 375 1703 at
389 1665 425 1704 ec
444 1646 589 1720 Pompeio
607 1646 813 1720 Pompeianas
825 1647 914 1720 fieret
929 1646 1040 1705 acerba
1058 1646 1258 1706 cavillatione

250 1750 344 1811 simul
364 1749 500 1810 hominis
515 1767 631 1808 nomen
652 1748 810 1809 incessens
825 1755 1030 1827 veterumque
1045 1751 1182 1828 partium
1198 1752 1260 1812 for·

197 1865 236 1915 58
250 1862 367 1916 tunam.
412 1855 477 1915 Sub
492 1853 574 1915 ide'm
589 1860 724 1932 tempus,
737 1854 918 1914 consulente
933 1861 1075 1932 praetore
1090 1875 1130 1916 an
1142 1857 1260 1918 iudicia

249 1963 425 2024 maiestatis
449 1962 517 2038 cogi
540 1961 671 2036 iuberet,
690 1963 878 2022 exercendas
900 1981 969 2022 esse
991 1963 1076 2039 leges
1095 1965 1304 2042 responditis

250 2074 281 2128 et
300 2068 495 2128 atrocissime
518 2066 667 2126 exercuit.
712 2067 842 2127 Statuas
862 2067 989 2144 quidam
1009 2068 1147 2144 Augusti
1164 2076 1259 2148 caput

204 2213 209 2226 ·
249 2173 436 2251 dempserat,
459 2178 495 2232 ut
516 2170 646 2231 alterius
669 2171 860 2248 imponeret;
889 2178 960 2232 acta
980 2192 1029 2233 res
1043 2173 1074 2232 iu
1092 2181 1202 2234 senatu
1217 2180 1258 2251 et,

249 2278 325 2356 quia
345 2277 569 2354 ambigebatur,
585 2295 641 2354 per
661 2282 819 2336 tormenta
839 2278 982 2354 quaesita
1002 2284 1058 2339 est.
1101 2280 1259 2340 Damnate

248 2402 302 2443 reo
320 2382 475 2461 paulatim
498 2400 595 2458 genus
614 2381 789 2442 calumniae
806 2400 842 2441 eo
859 2383 1020 2459 processit,
1036 2389 1071 2443 ut
1091 2383 1167 2444 haec
1187 2405 1259 2462 quo

249 2507 310 2566 que
328 2487 479 2565 capitalia
500 2492 620 2548 essent:
647 2487 729 2546 circa
749 2487 889 2562 Augusti
910 2487 1112 2548 simulacrum
1132 2509 1258 2551 servum
1274 2503 1303 2548 ao

249 2592 409 2668 cecidisse,
425 2592 615 2652 vestimenta
636 2597 783 2667 mutasse,
799 2611 926 2652 nummo
945 2593 996 2652 vel
1015 2594 1109 2654 anulo
1124 2594 1257 2671 effigiem

250 2697 434 2775 impressam
456 2697 591 2757 latrinae
612 2702 669 2756 aut
686 2697 832 2774 lupanari
848 2697 1006 2773 intulisse,
1021 2699 1138 2758 dictum
1157 2699 1257 2759 ullum

248 2803 408 2863 factumve
428 2802 496 2862 eius
517 2802 750 2862 existimatione
764 2801 873 2880 eliqua
888 2802 1027 2864 laesisse.
1062 2805 1163 2864 Periit
1175 2806 1259 2866 deni-

249 2907 405 2986 questio,
422 2908 476 2985 qui
499 2885 649 2968 honorem
671 2908 704 2967 in
724 2908 847 2968 colonia
863 2928 921 2969 sua
939 2910 1047 2968 eodem
1063 2910 1113 2970 die
1130 2910 1257 2970 decerni

249 3013 309 3074 sibi
324 3032 434 3090 passus
451 3019 509 3088 est,
528 3032 589 3090 quo
605 3013 723 3073 decreti
738 3019 770 3072 et
785 2993 929 3091 Augusto
944 3015 1019 3073 olim
1036 3020 1134 3075 eraut.
1271 3037 1301 3083 25

196 3126 235 3176 59
259 3104 393 3178 sMulta
415 3125 578 3196 praeterea
598 3120 701 3197 specie
721 3119 887 3195 gravitatis
910 3139 947 3180 ac
971 3139 1033 3180 mo

248 3243 317 3282 rum
346 3223 609 3300 corrigendorum,
636 3226 691 3285 sed
716 3231 749 3284 et
777 3223 876 3301 magis
900 3232 1032 3286 naturae
1058 3180 1198 3302 ffimm

248 3328 476 3407 obtemperans,
495 3331 542 3391 ita
564 3349 656 3391 saeve
687 3337 719 3390 et
740 3332 887 3410 atrociter
909 3332 1032 3392 fectitas
1057 3330 1162 3416 ⁸3⁸¹&

248 3434 303 3509 vit,
321 3440 358 3494 ut
383 3421 718 3498 nonnulli'versiculis
743 3457 866 3515 quoque
890 3444 922 3498 et
947 3457 1032 3517 prse-
1057 3404 1172 3453 mem

249 3539 351 3600 sentia
385 3543 610 3621 exprobrarent
642 3548 674 3602 et
704 3544 816 3604 futura
846 3545 1069 3604 denuntiarent
1100 3546 1200 3606 mala:
1271 3560 1301 3606 ao

330 3689 431 3766 Asper
445 3699 472 3749 et
487 3693 620 3765 immitis,
636 3693 762 3750 breviter·
775 3694 821 3750 vis
835 3695 938 3751 omnia
953 3696 1053 3752 dicam
1068 3694 1082 3752 i

369 3796 558 3872 Dispcrecm,
573 3799 601 3854 si
615 3805 641 3856 tc
654 3805 751 3856 mater
764 3816 869 3858 amare
876 3801 982 3878 potest
