3106 4378
284 275 348 339 108
386 288 415 340 c.
437 288 593 339 surroru
613 288 842 351 runuouruur
861 290 911 339 nn
932 290 1025 340 vrrs
1044 289 1247 340 chasanum

283 479 339 520 neo
358 460 421 521 nisi
435 461 579 539 partibus
593 460 710 538 ubique
724 461 899 539 profligatis
915 463 958 521 M.
974 462 1116 522 Antonio
1132 469 1243 541 sponte
1259 469 1291 522 et

282 565 420 642 ingentis
432 565 537 626 meriti
551 565 619 626 loco
632 565 782 642 tradidit3
804 566 952 643 solusque
963 567 1103 627 omnium
1118 586 1157 626 ex
1172 568 1222 642 iis,
1234 568 1290 645 qui

281 671 351 749 pari
370 671 439 748 lege
460 671 713 747 damnauerunt,
729 672 896 732 restitutus
918 672 952 731 in
972 672 1118 750 patriam,
1135 673 1290 752 amplissi-

282 795 349 837 mos
363 775 497 837 honores
511 777 721 854 percucurrit,
744 796 780 837 ao
795 778 927 838 subinde
942 777 1156 853 redintegrata
1172 779 1290 840 dissen-

250 894 266 938 o
282 881 369 941 sione
383 882 480 958 civili,
490 882 592 942 eidem
606 882 746 943 Antonio
760 882 891 959 legatus,
904 882 1041 944 delatam
1058 882 1119 944 sihi
1135 903 1288 944 summam

213 961 222 980 ⁰
280 987 406 1065 imperii
420 988 460 1048 ab
474 987 524 1063 iis,
539 1007 617 1065 quos
639 988 823 1066 Cleopatrae
843 988 990 1066 pudebat,
1007 1007 1109 1066 neque
1132 989 1288 1068 suscipere

281 1111 530 1169 nequerecusare
538 1094 809 1172 fidenterpropter
818 1094 955 1154 subitam
963 1094 1176 1155 valetudinem
1184 1113 1287 1170 ausus,

280 1198 409 1258 transiit
424 1199 464 1258 ad
478 1199 658 1274 Augustum
673 1204 705 1258 et
722 1198 756 1258 in
775 1199 886 1259 diebus
906 1201 1013 1277 paucis
1033 1199 1121 1274 obiit,
1136 1199 1290 1260 nonnulla

280 1309 313 1362 et
326 1303 394 1381 ipse
409 1303 543 1364 infamia
557 1323 712 1382 aspersus.
762 1304 847 1364 Nam
865 1304 1025 1364 Antonius
1043 1324 1115 1364 eum
1132 1305 1288 1364 desiderio

236 1424 265 1468 10
281 1408 399 1468 amicae
415 1408 566 1468 Serviliae
580 1409 696 1470 Naidis
711 1410 921 1486 transfugisse
936 1410 1074 1470 iactavit.

320 1515 370 1573 Ex
391 1514 450 1574 hoc
471 1514 631 1574 Domitius
658 1516 807 1591 nascitur,
830 1533 923 1592 quem
944 1521 1117 1593 emptorem
1145 1515 1320 1577 familiae4
1369 1555 1371 1558 -

280 1620 492 1696 pecuniaeque
520 1619 555 1678 in
581 1625 773 1680 testamento
797 1618 935 1695 Augusti
963 1619 1063 1680 fuisse
1090 1640 1163 1680 mox
1193 1620 1288 1697 vulgo

505 1731 649 1785 notatum
671 1731 728 1800 est,
750 1744 813 1784 non
841 1726 947 1785 minus
975 1725 1140 1802 aurigandi
1164 1731 1232 1786 arte
1254 1725 1288 1784 in

279 1805 427 1926 {agal
505 1829 720 1890 adulescentia
733 1829 837 1890 clarus
852 1849 945 1907 quam
961 1830 1075 1890 deinde
1094 1830 1287 1890 ornamentis

236 1931 288 1994 15'
505 1934 751 2013 triumphalibus
770 1954 810 1994 ex
830 1935 1016 1995 Germanico
1034 1935 1126 1995 bello.
1169 1936 1286 1996 Verum

280 2056 438 2114 arrogans,
449 2039 607 2116 profusus,
619 2038 751 2100 immitis
766 2057 925 2100 censorem
940 2040 975 2098 L.
991 2039 1144 2099 Plancum
1159 2040 1211 2100 via
1226 2039 1286 2100 sibi

280 2143 428 2203 decedere
450 2144 562 2204 aedilis
583 2144 701 2221 coegit;
723 2150 888 2222 praeturae
909 2144 1152 2222 consulatusque
1170 2145 1286 2206 honore

280 2248 402 2326 equites
416 2251 575 2310 Romanos
591 2256 812 2326 matronasque
832 2250 873 2310 ad
892 2251 1048 2326 egendum
1067 2250 1199 2310 mimum
1219 2270 1286 2328 pro

279 2353 372 2413 drixit
385 2354 419 2413 in
439 2373 591 2415 scaenam.
641 2355 834 2416 Venationes
852 2360 883 2415 et
900 2357 935 2414 in
948 2355 1030 2416 circo
1044 2361 1077 2415 et
1090 2356 1125 2414 in
1141 2356 1285 2417 omnibus

233 2473 264 2518 20
279 2459 367 2519 urbis
388 2459 568 2535 regionibus
589 2459 687 2535 dedit,
709 2479 824 2520 munus
852 2461 949 2521 etiam
974 2459 1206 2537 gladiatorium,
1230 2462 1285 2521 sed

278 2565 531 2640 tentamentis,
555 2570 593 2625 ut
619 2584 745 2626 necesse
768 2565 868 2625 fuerit
888 2566 1033 2642 Augusto
1057 2565 1138 2625 olam
1165 2566 1286 2626 frustra

278 2732 421 2782 mrumst
503 2669 659 2730 monitum
693 2670 796 2730 edicto
831 2689 980 2731 coercere.
1059 2671 1110 2730 Ex
1145 2669 1316 2734 Antoniae

504 2776 621 2835 maiore
652 2782 774 2854 patrem
809 2776 947 2836 Neronis
981 2775 1167 2854 procreavit,
1200 2776 1285 2835 omni

278 2886 368 2959 parte
382 2880 468 2941 vitae
487 2881 714 2942 detestabilem.
759 2882 923 2959 Siquidem
941 2900 1043 2942 comes
1063 2883 1104 2942 ad
1124 2881 1285 2942 Orientem

233 3006 263 3050 25
279 2987 312 3046 G.
329 2986 472 3047 Caesaris
485 2986 618 3063 iuvenis,
635 2986 737 3048 occiso
751 2987 864 3047 liberto
879 3006 944 3062 suo,
960 2988 1044 3064 quod
1062 2993 1171 3065 potare
1191 3005 1286 3064 quan·

278 3097 346 3150 tum
361 3092 526 3152 iubebatur
539 3099 707 3168 recusarat,
719 3093 869 3154 dimissus
884 3112 901 3152 e
916 3092 1042 3152 cohorte
1056 3091 1226 3153 amicorum
1241 3092 1286 3150 ni·

279 3196 345 3256 hilo
359 3197 532 3258 modestius
546 3198 637 3258 vixit.
675 3198 736 3258 Sed
750 3204 782 3258 et
796 3199 830 3257 in
841 3197 919 3259 Viae
934 3198 1059 3276 Appiae
1072 3197 1142 3257 vico
1156 3203 1285 3275 repente

279 3321 410 3379 puerum
425 3303 531 3363 citatis
545 3303 696 3364 iumentis
715 3303 800 3363 haud
817 3304 947 3380 ignarus
965 3303 1105 3376 obtrivit,
1121 3308 1152 3363 et
1166 3303 1285 3362 Romae

279 3407 382 3466 medio
418 3409 487 3468 foro
520 3409 644 3468 cuidam
677 3409 776 3485 equiti
808 3409 952 3469 Romano
984 3409 1114 3468 liberius
1147 3408 1285 3484 iurganti

234 3529 263 3574 30
279 3511 402 3572 oculum
422 3513 522 3590 eruit;
551 3513 701 3592 perfidiae
715 3532 789 3573 vero
803 3519 920 3590 tantae,
932 3520 969 3573 ut
982 3533 1046 3573 non
1065 3513 1158 3572 modo
1179 3532 1286 3589 argen-

279 3617 377 3678 tarios
391 3619 504 3696 pretiis
519 3638 621 3678 rerum
642 3624 864 3697 coemptarum,
880 3620 935 3680 sed
950 3624 981 3679 et
996 3619 1030 3677 in
1044 3623 1191 3695 praetura
1209 3637 1286 3678 mer·
1334 3655 1336 3660 ,

280 3724 354 3783 cede
372 3723 547 3802 palmarum
566 3723 739 3800 aurigarios
758 3724 973 3800 fraudaverit3
1002 3728 1131 3783 notatus
1150 3723 1190 3783 ob
1208 3724 1284 3784 haec
