3078 4380
226 271 229 277 ¹
284 304 327 366 44
361 315 391 367 c,
415 313 571 365 sunrour
593 313 821 376 ranuoumnr
843 314 893 364 nn
916 313 1009 365 v1rA
1033 313 1235 366 cansarum

283 494 320 548 ut
334 486 463 565 plurimi
476 487 614 562 tradant,
629 478 776 564 quotiens
795 486 903 564 aliquo
917 487 1081 547 adveniret
1094 488 1144 548 vel
1161 488 1290 548 sicunde

284 593 467 668 discederet,
496 611 570 670 prae
604 592 697 652 turba
727 591 957 651 occurrentium
994 593 1290 670 prosequentiumve

283 715 518 774 nonnumquam
542 715 614 756 eum
639 696 805 756 discrimen
831 697 917 757 vitae
941 696 1054 772 adisse,
1079 716 1096 756 e
1122 699 1290 759 Germania

284 822 358 863 vero
372 808 443 881 post
457 820 665 880 compressam
680 801 867 862 seditionem
884 803 1056 862 revertenti
1076 803 1289 880 praetorianas

252 909 426 968 scohortes
447 907 610 968 universas
631 907 773 985 prodisse
794 907 929 983 obviam,
945 908 1089 984 quamvis
1110 909 1290 986 pronuntia-

283 1020 351 1074 tum
373 1019 455 1074 esset
477 1017 513 1072 ut
538 1013 618 1072 duae
641 1013 765 1072 tantum
786 1012 879 1072 modo
900 1011 1032 1088 exirent,
1054 1014 1164 1092 populi
1184 1020 1288 1074 autem
1398 1057 1400 1064 -

283 1119 418 1179 Romani
438 1137 556 1193 sexum,
571 1122 715 1193 aetatem,
730 1117 871 1176 ordinem
891 1135 1015 1178 omnem
1033 1137 1133 1196 usque
1152 1120 1193 1179 ad
1211 1119 1290 1180 vioe-

284 1225 398 1286 simum
422 1224 560 1302 lapidem
584 1223 734 1283 effudisse
759 1241 800 1283 se.
854 1224 974 1282 Tamen
999 1223 1091 1300 longe
1116 1225 1234 1285 maiora
1258 1232 1321 1286 ets

283 1374 380 1421 sorrow
390 1375 420 1419 at
510 1328 650 1388 firmiora
677 1328 716 1386 de
744 1346 781 1387 eo
808 1327 926 1388 iudicia
953 1329 987 1387 in
1018 1335 1117 1390 morte
1149 1349 1186 1390 ac
1219 1337 1290 1409 post

239 1447 268 1493 ιο
284 1460 355 1495 newa
366 1446 392 1494 of
401 1447 443 1494 nis
510 1439 643 1493 mortem
656 1432 856 1494 exstiterunt.
899 1433 967 1504 Quo
982 1434 1150 1495 defunctus
1165 1441 1213 1495 est
1227 1436 1288 1511 die,

283 1524 361 1571 Μὴ
509 1538 651 1616 lapidata
670 1544 743 1598 sunt
761 1538 889 1616 templa,
906 1539 1072 1599 subversae
1093 1540 1186 1599 deum
1208 1559 1289 1615 arae,

284 1645 380 1703 Lares
394 1662 414 1703 a
427 1643 614 1720 quibusdam
629 1642 803 1703 familiares
818 1644 851 1702 in
866 1644 1028 1722 publicum
1042 1645 1165 1721 abiecti,
1181 1651 1290 1723 partus

283 1748 451 1825 coniugum
478 1748 622 1826 expositi.
679 1749 762 1820 Quin
791 1754 823 1808 et
851 1749 998 1809 barbaros
1031 1750 1147 1826 fenmt,
1177 1751 1290 1826 quibus

283 1853 469 1914 intestinum
494 1853 671 1931 quibusque
696 1854 846 1914 adversus
871 1873 928 1914 nos
949 1854 1067 1914 bellum
1088 1861 1180 1931 esset,
1203 1856 1291 1915 velut

239 1971 268 2015 lo
284 1959 318 2018 in
335 1959 507 2018 domestico
527 1959 747 2036 communique
766 1979 914 2034 maerore,
930 1960 1124 2021 consensisse
1144 1961 1184 2021 ad
1202 1961 1291 2020 indu-

284 2064 362 2140 tias;
386 2064 508 2140 regulos
524 2065 676 2141 quosdam
691 2064 819 2125 barbam
838 2065 979 2143 posuisse
994 2071 1026 2124 et
1040 2085 1173 2126 uxorum
1189 2068 1291 2144 capita

285 2169 400 2229 rasisse
419 2170 459 2229 ad
477 2169 630 2229 indicium
649 2169 779 2229 maximi
801 2169 922 2246 luctus3
945 2189 1053 2246 regum
1072 2171 1168 2230 etiam
1187 2189 1288 2246 regem

285 2279 317 2334 et
338 2274 560 2334 exercitatione
582 2275 717 2334 venandi
744 2281 775 2333 et
798 2276 943 2335 convictu
968 2275 1175 2352 megistanum
1198 2276 1291 2337 absti-

283 2380 400 2454 nuisse,
422 2380 507 2456 quod
527 2380 612 2456 apud
635 2379 772 2439 Parthos
797 2379 914 2440 iustitii
939 2380 1040 2440 instar
1065 2386 1121 2440 est.
1173 2383 1323 2442 Romaec
1426 2375 1427 2378 ¹

238 2497 269 2542 ac
284 2481 421 2558 quidem,
443 2500 514 2541 curn
536 2483 576 2542 ad
597 2483 731 2560 primam
753 2482 871 2542 famam
892 2483 1083 2544 valetudinis
1105 2487 1240 2546 attonita
1260 2492 1292 2546 et

284 2592 405 2646 maesta
425 2587 537 2648 civitas
560 2588 721 2665 sequentis
743 2588 871 2648 nuntios
894 2589 1090 2666 opperiretur
1110 2596 1143 2650 et
1164 2597 1292 2669 repente

284 2693 347 2752 iam
364 2693 488 2771 vesperi
507 2693 636 2754 incertis
658 2693 837 2754 auctoribus
861 2693 1058 2754 convaluisse
1079 2696 1207 2755 tandem
1227 2716 1293 2774 per·

284 2799 481 2876 crebruisset,
497 2800 615 2878 passim
629 2819 701 2859 cum
716 2800 889 2859 luminibus
908 2805 939 2858 et
954 2799 1093 2861 victimis
1114 2801 1148 2860 in
1169 2801 1293 2878 Capito

284 2903 364 2963 lium
385 2923 568 2966 coneursum
592 2911 640 2966 est
663 2924 697 2966 ac
722 2924 820 2983 paene
844 2905 984 2964 revolsas
1007 2906 1119 2984 templi
1142 2907 1292 2982 feresne

239 3020 268 3064 25
285 3011 363 3087 quid
384 3011 549 3087 gestientis
568 3016 642 3070 vota
660 3010 790 3071 reddere
808 3016 996 3086 moraretur;
1020 3012 1292 3090 expergefactuse
1394 3015 1396 3019 ’

228 3143 231 3150 ’
286 3135 394 3176 somno
408 3115 554 3177 Tiberius
569 3116 796 3192 gratulantium
807 3115 935 3176 vocibus
954 3121 1047 3194 atque
1066 3116 1206 3194 undique
1221 3135 1292 3177 con-

284 3221 475 3281 cinentium:
938 3284 940 3289 ,

366 3327 463 3388 Solea
477 3329 587 3401 Roma,
603 3329 689 3387 sclua
698 3331 813 3403 patric,
829 3329 932 3387 solvice
944 3336 986 3386 est
1004 3327 1211 3388 Germanicas.

286 3433 329 3491 Et
342 3437 379 3492 ut
392 3433 517 3491 demum
532 3432 600 3492 fato
612 3433 756 3492 functum
768 3431 872 3510 palam
887 3432 1077 3508 factumest,
1089 3452 1151 3492 non
1169 3432 1293 3495 solaciis

242 3544 271 3589 30
286 3537 372 3614 ullis,
387 3556 450 3596 non
465 3536 576 3597 edictis
591 3537 728 3598 inhiberi
741 3537 847 3597 luctus
862 3537 1008 3615 publicus
1026 3538 1140 3616 potuit,
1157 3539 1295 3598 duravit

288 3661 348 3720 que
363 3642 459 3702 etiam
473 3662 529 3721 per
543 3643 642 3703 festos
662 3642 844 3702 Decembris
864 3643 983 3702 mensis
998 3642 1074 3703 dies.
1117 3642 1219 3704 Auxit
1233 3645 1295 3720 glo·

288 3749 368 3808 riam
389 3747 641 3825 desideriumque
663 3748 807 3807 defuncti
831 3756 863 3807 et
887 3747 1036 3808 atrocitas
1059 3747 1294 3826 insequentium
