3078 4380
552 298 738 350 umnam.
792 299 972 351 erasmus.
1246 287 1266 351 5

260 469 412 549 temporis
432 470 634 532 mulierculas
655 471 760 532 levare
781 490 874 532 onere
895 472 1101 550 temptabant
1143 472 1206 532 Per
1221 472 1266 534 Si-

261 575 368 636 ciliam
392 594 516 654 quoque
541 582 573 636 et
593 595 649 654 per
670 576 823 637 Achaiam
848 575 1090 653 circumductus,
1113 595 1150 638 ac
1174 579 1266 640 Lace

260 680 434 742 daemoniis
465 680 601 759 publice,
629 681 715 760 quod
745 682 779 740 in
806 681 907 742 tutela
934 681 1137 744 Claudiorum
1166 689 1264 760 erant,

260 785 477 862 demandatus,
497 785 676 863 digrediens
697 786 771 846 inde
793 786 906 848 itinere
925 792 1079 847 nocturno
1096 786 1266 850 discrimen

144 943 151 960 ,
260 890 345 952 vitae
363 891 451 966 adiit,
466 890 594 952 flamma
607 896 737 971 repente
751 911 768 952 e
782 891 873 953 silvia
890 892 1030 969 undique
1045 898 1162 969 exorta,
1177 893 1266 954 adeo
1294 911 1311 957 s

260 1013 321 1074 que
335 1014 459 1056 omnem
473 995 657 1058 comitatum
671 995 892 1074 circumplexa,
908 1001 944 1058 ut
954 997 1065 1058 Liviae
1079 1015 1152 1076 pars
1167 998 1265 1060 vestis

260 1107 292 1162 et
319 1101 427 1179 capilli
454 1101 701 1162 amburerentur.
751 1102 894 1177 Munera,
919 1102 1033 1179 quibus
1059 1121 1079 1163 a
1104 1104 1264 1183 Pompeia,

260 1206 331 1267 Sem
353 1206 486 1285 Pompei
507 1225 620 1282 sorore,
644 1207 679 1266 in
700 1205 810 1266 Sieilia
830 1207 966 1268 donatus
987 1214 1045 1284 est,
1066 1207 1209 1288 chlamys
1233 1216 1266 1270 et

259 1310 357 1372 fibula
378 1311 454 1373 item
474 1311 579 1372 bullae
600 1329 721 1386 aureae,
736 1312 853 1372 durant
872 1313 1142 1393 ostendunturque
1162 1313 1265 1376 adhuc

260 1416 343 1478 Bais.
386 1418 465 1477 Post
478 1417 613 1478 reditum
629 1417 663 1476 in
676 1417 784 1477 urbem
799 1436 819 1478 a
833 1418 875 1477 M.
892 1417 999 1479 Gallio
1013 1425 1155 1480 senatore
1171 1426 1266 1482 testa-
1282 1433 1312 1480 10

259 1528 366 1584 mento
380 1521 558 1601 adoptatus,
573 1521 749 1583 hereditate
766 1522 854 1583 adita
864 1542 942 1583 -mox
957 1524 1083 1585 nomine
1099 1524 1264 1602 abstinuit,

259 1628 344 1704 quod
359 1627 483 1689 Gallius
497 1627 700 1689 adversarum
714 1626 860 1704 Augusto
873 1629 1012 1707 partium
1025 1629 1139 1691 fuerat.

299 1733 423 1793 Novem
450 1739 545 1793 natus
572 1751 671 1794 annos
700 1733 886 1793 defunctum
919 1739 1039 1812 patrem
1069 1753 1126 1812 pro
1153 1736 1264 1798 rostris

259 1835 411 1898 laudavit.
453 1838 577 1898 Dehine
598 1838 772 1916 pubescens
796 1838 930 1899 Actiaco
953 1839 1115 1918 triumpho
1139 1859 1264 1901 eurrum

259 1941 399 2020 Augusti
412 1943 581 2004 comitatus
595 1947 644 2003 est
659 1927 852 2004 sinisteriore
867 1943 971 2004 funali
989 1962 1079 2023 equo,
1094 1964 1166 2004 cum
1184 1947 1266 2006 Mar·
1281 1961 1310 2008 1⁶

260 2046 357 2109 cellus
372 2048 522 2110 Octaviae
536 2048 626 2132 filius
640 2048 816 2108 dexteriore
832 2048 1006 2110 veheretur.
1049 2050 1214 2111 Praesedit
1232 2057 1265 2111 et

260 2152 368 2214 asticis
405 2151 497 2226 ludis,
533 2157 566 2211 et
600 2151 725 2211 Troiam
760 2150 960 2226 circensibus,
997 2151 1108 2211 ductor
1144 2157 1266 2213 turmae

259 2275 427 2336 puerorum
448 2257 614 2326 maiorum,

227 2365 246 2419 '1
299 2361 395 2425 Virili
416 2367 491 2439 toga
509 2367 643 2440 sumpta,
659 2360 907 2421 adulescentiam
926 2378 1049 2420 omnem
1065 2360 1264 2439 spatiumque

260 2466 457 2546 insequentis
490 2467 603 2527 aetatis
635 2484 736 2543 usque
769 2465 809 2526 ad
844 2465 1042 2543 principatus
1281 2478 1312 2525 ec

259 2571 355 2634 initia
366 2591 423 2651 per
436 2572 513 2633 haec
526 2572 594 2632 fere
608 2571 773 2648 transegit.
811 2565 930 2630 Munus'
945 2569 1043 2646 gladi·
1067 2529 1113 2578 ⁸¹⁸
1125 2532 1207 2590 5⁰¹¹&

145 2675 148 2686 '
260 2677 395 2739 atorium
420 2677 454 2736 in
477 2676 659 2736 memoriam
687 2675 789 2754 patris
816 2680 850 2735 et
873 2674 1008 2735 alterum
1032 2674 1067 2734 in
1091 2674 1144 2735 avi
1168 2675 1265 2736 Drusi

260 2783 358 2860 dedit,
386 2781 520 2843 diversis
548 2781 742 2859 temporibus
772 2799 809 2842 ao
837 2779 924 2854 locis,
952 2779 1090 2858 primum
1123 2779 1157 2838 in
1184 2780 1264 2856 foro,

260 2889 432 2950 secundum
451 2888 486 2947 in
503 2887 747 2966 amphitheatro,
764 2885 913 2946 rudiariis
932 2902 1056 2962 quoque
1077 2884 1265 2963 quibusdam

260 2993 415 3055 revocatis
430 2998 663 3054 auctoramento
677 2997 844 3052 centenum
858 2989 999 3067 milium;
1018 2989 1107 3050 dedit
1117 2995 1150 3050 et
1163 2989 1265 3066 ludos,
1282 3009 1311 3054 25

261 3099 317 3161 sed
331 3099 459 3160 absens:
482 3103 595 3159 cuncta
608 3096 783 3175 magnifice,
798 3095 932 3175 inpensa
944 3093 1056 3155 matris
1070 3113 1107 3155 ac
1120 3093 1236 3156 vitrici.

301 3203 520 3290 Agrippinam,
539 3205 647 3263 Marco
667 3202 811 3280 Agrippa
830 3201 980 3278 genitam,
1001 3204 1129 3279 neptem
1149 3199 1267 3262 Caecili

260 3307 363 3372 Attici
387 3310 506 3389 equitis
532 3307 669 3370 Romani
694 3309 751 3389 [ad
775 3326 869 3385 quem
898 3312 973 3368 sunt
997 3307 1045 3368 Oi-

261 3416 382 3478 ceronis
416 3415 597 3497 epistulae],
630 3413 723 3475 duxit
755 3430 901 3489 uxorem;
944 3411 1045 3473 subla-

261 3526 356 3600 toque
376 3540 416 3581 ex
437 3538 475 3580 ea
493 3519 561 3580 filio
581 3520 693 3594 Druso,
715 3537 907 3597 quamquam
928 3517 1007 3578 bene
1028 3516 1267 3578 convenientem
1283 3533 1313 3580 cc

261 3644 432 3704 rursusque
452 3624 615 3701 gravidam
633 3623 804 3698 dimittere,
825 3641 860 3684 ao
880 3622 995 3683 Iuliam
1010 3619 1149 3698 Augusti
1167 3620 1267 3681 ffliam

262 3731 431 3794 confestim
455 3735 581 3791 coactus
605 3733 654 3790 eat
678 3728 801 3804 ducere,
827 3746 891 3788 non
915 3728 983 3789 sine
1011 3744 1125 3804 magno
1152 3741 1267 3803 angore

1070 3371 1116 3418 Eis
1131 3368 1257 3433 marriage
