3106 4378
479 320 591 369 uranu
616 321 648 370 v.
700 319 812 369 uivus
835 315 1027 370 cosumus,
1221 305 1262 369 99

189 533 192 537 -
254 493 333 553 Cum
354 511 411 570 par
432 493 589 569 quoddam
612 491 731 551 mutuis
755 490 871 550 ictibus
896 491 1094 565 concidisset,
1116 484 1262 552 cultellos

255 597 316 657 sibi
337 597 484 674 parvulos
506 615 545 655 ex
567 603 699 673 utroque
720 598 805 655 ferro
826 595 859 655 in
881 615 972 656 usum
993 595 1061 654 fieri
1083 595 1150 654 sine
1175 616 1262 658 mora

254 701 355 762 iussit.
401 701 566 762 Bestiariis
587 701 830 778 meridianisque
848 701 925 760 adeo
940 701 1163 777 delectabatur,
1178 708 1261 763 utet

254 807 356 885 prima
367 807 436 868 lucc
448 807 487 866 ad
500 806 712 884 spectaculum
724 806 927 866 descenderet
938 811 970 865 et
979 807 1119 882 meridie,
1129 808 1261 869 dimisso

254 914 294 972 ad
319 913 484 991 prandium
511 911 635 990 populo,
662 912 849 989 persederet,
876 918 1060 990 praeterque
1085 913 1291 980 destinatoso

253 1021 348 1080 etiam
370 1020 433 1079 levi
454 1019 620 1096 subitaque
642 1019 681 1078 de
701 1037 796 1079 causa
814 1020 966 1095 quosdam
987 1020 1205 1096 committeret,
1221 1021 1260 1080 de

254 1125 413 1184 fabrorum
428 1142 552 1202 quoque
566 1143 602 1184 ac
616 1124 834 1184 ministrorum
848 1129 942 1202 atque
957 1125 990 1184 id
1006 1145 1103 1201 genus
1119 1145 1259 1202 numam,
1293 1129 1297 1136 '

254 1231 281 1291 si
295 1237 490 1291 automatum
502 1231 553 1290 vel
568 1249 680 1308 pegma
691 1231 740 1290 vel
756 1231 834 1308 quid
847 1231 911 1291 tale
926 1231 1013 1291 aliud
1027 1251 1139 1309 parum
1153 1232 1261 1293 cessis-

253 1341 310 1396 set.
353 1337 485 1396 lnduxit
506 1341 538 1396 et
558 1355 656 1395 unum
677 1355 717 1396 ex
737 1337 1044 1397 nomenculatoribus
1066 1337 1141 1412 suis,
1162 1337 1207 1398 sio
1224 1343 1260 1397 ut

253 1447 320 1501 erat
334 1447 468 1518 togatus.
1278 1458 1306 1504 10

201 1563 237 1614 35
294 1546 356 1607 Sed
370 1547 452 1605 nihil
467 1565 565 1624 aeque
576 1566 672 1624 quam
686 1547 819 1607 timidus
830 1565 865 1606 ac
877 1547 1023 1607 diffidens
1037 1547 1109 1607 fuit.
1142 1547 1260 1609 Primis

252 1651 378 1730 imperii
393 1651 502 1714 dicbus
515 1671 714 1730 quamquam,
727 1659 763 1711 ut
778 1653 926 1727 diximus,
940 1652 1072 1712 iactator
1084 1652 1259 1728 civilitatis,

251 1777 353 1835 neque
366 1757 512 1818 convivia
526 1757 606 1817 inire
624 1777 718 1818 ausus
736 1763 785 1817 est
799 1757 861 1817 nisi
876 1762 912 1816 ut
929 1777 1034 1836 speon-

252 1863 367 1924 latores
382 1883 454 1923 cum
467 1863 584 1950 lanceis
600 1864 838 1923 circumstarent
854 1863 1033 1940 militesque
1059 1842 1182 1902 Timinty
1192 1843 1241 1889 *Μ

1059 1917 1178 1964 nsnust.

251 1969 319 2029 vice
334 1968 549 2029 ministrorum
565 1969 781 2044 fungerentur,
791 1986 892 2045 neque
907 1987 1033 2045 aegrum
1278 1985 1307 2030 15

252 2093 441 2152 quemquam
462 2073 608 2134 visitarit
628 2074 691 2134 nisi
712 2074 875 2151 explorato
896 2074 984 2151 prius
1007 2074 1150 2134 cubiculo
1170 2074 1262 2134 culci-

252 2179 357 2257 tisque
379 2185 412 2239 et
436 2179 585 2255 stragulis
608 2179 847 2257 praetemptatis
874 2185 905 2238 et
930 2179 1078 2239 excussis.
1125 2179 1262 2257 Reliqua

253 2291 357 2344 autem
371 2291 511 2362 tempore
524 2284 749 2344 salutatoribus
764 2290 951 2344 scrutatores
968 2303 1090 2362 semper
1104 2274 1260 2362 apposuit,

253 2396 284 2450 et
308 2390 436 2468 quidem
456 2389 600 2450 omnibus
622 2396 654 2449 et
675 2389 900 2450 acerbissimos.
944 2390 1018 2450 Sero
1043 2390 1128 2449 enim
1149 2410 1184 2450 ao
1205 2391 1261 2450 vix

253 2494 384 2570 remisit,
404 2514 443 2554 ne
463 2495 600 2555 feminae
621 2495 872 2573 praetextatique
893 2495 982 2572 pueri
1005 2501 1037 2555 et
1055 2495 1179 2572 puellae
1193 2515 1262 2555 con·
1277 2518 1308 2563 ω

253 2605 469 2675 trectarentur,
492 2606 524 2660 et
546 2619 586 2660 ne
609 2600 698 2660 cuius
722 2601 828 2660 comiti
850 2607 905 2660 aut
925 2600 1054 2662 librario
1076 2601 1261 2662 calamariae

253 2711 308 2766 aut
332 2706 529 2784 graphiariae
557 2706 667 2766 thecae
694 2707 911 2766 adimerentur.
965 2708 1054 2767 Motu
1077 2706 1166 2766 civili
1191 2726 1261 2767 curn

253 2830 324 2870 eum
349 2808 511 2888 Camillus,
537 2832 599 2872 non
625 2813 773 2874 dubitans
800 2813 895 2872 etiam
921 2813 1000 2872 citra
1023 2812 1141 2873 bellum
1170 2830 1262 2890 posse

252 2918 373 2992 terreri,
402 2918 629 2979 contumeliosa
658 2924 689 2977 et
718 2917 833 2976 minaci
861 2923 892 2976 et
921 2918 1097 2978 contumaci
1124 2916 1263 2994 epistula

252 3023 361 3082 cedere
384 3023 516 3100 imperio
541 3023 663 3084 iuberet
687 3023 849 3100 vitamque
874 3023 1005 3083 otiosam
1028 3023 1061 3081 in
1082 3022 1207 3100 privata
1227 3040 1261 3081 re
1278 3046 1307 3091 25

253 3146 353 3204 agere,
370 3128 537 3203 dubitavit,
556 3128 708 3188 adhibitis
730 3119 927 3206 principibus
943 3127 1031 3203 viris,
1047 3146 1088 3187 an
1108 3127 1262 3205 obtempe

202 3239 344 3298 curaret.
388 3233 545 3303 Quasdam
560 3233 692 3294 insidias
708 3240 824 3293 temere
843 3233 964 3294 delatas
980 3233 1058 3292 adeo
1072 3233 1209 3310 expavit,
1225 3238 1261 3292 ut

254 3338 407 3416 deponere
442 3337 607 3416 imperium
643 3339 854 3417 temptaverit.
915 3339 1064 3414 Quodam,
1096 3343 1132 3397 ut
1167 3357 1262 3417 supra

254 3443 372 3518 rettuli,
401 3462 472 3503 cum
500 3445 586 3503 ferro
619 3445 702 3504 circa
733 3444 961 3504 sacrificantem
990 3463 1023 3504 se
1058 3443 1260 3522 deprehenso,

254 3556 397 3609 senatum
411 3567 467 3626 per
482 3568 650 3628 praecones
665 3569 796 3627 propere
811 3549 995 3626 conyocavit
1014 3549 1215 3627 lacrimisque
1230 3556 1262 3609 ct
1278 3575 1307 3620 30

254 3653 479 3714 vociferatione
501 3654 667 3715 miseratus
690 3661 738 3714 est
759 3655 972 3715 condicionem
992 3675 1089 3729 suam,
1109 3655 1158 3714 cui
1180 3655 1261 3714 nihil

254 3761 316 3818 tuti
338 3778 470 3836 usquam
489 3765 582 3835 esset,
597 3779 633 3820 ao
647 3759 702 3819 diu
721 3760 847 3838 publico
866 3760 1027 3821 abstinuit.
1071 3759 1262 3822 Messalinae
