3078 4380
532 281 644 332 mnus
667 282 719 334 111.
770 283 949 336 uiuamus
1085 309 1088 315 -
1226 276 1246 338 9

240 450 317 512 tatis
345 457 494 530 ternpore,
523 454 687 515 confessus
718 455 855 531 tandem,
883 453 964 515 nihil
999 456 1087 516 aliud
1121 475 1245 520 secessu

241 556 400 618 devitasse
414 577 447 618 se
462 577 556 636 quarn
570 559 790 620 aemulationis
805 579 876 620 cum
891 561 930 622 0.·
941 561 1100 640 Lucioque
1118 562 1246 642 suspici-

241 681 341 738 onem,
355 664 438 741 petit
452 668 489 724 ut
504 663 565 725 sibi
582 683 690 725 securo
706 664 770 725 iam
787 665 826 726 ab
843 664 901 726 hae
920 671 1018 743 parte,
1033 667 1245 728 conroboratis

240 767 291 828 his
312 773 345 828 et
366 769 537 829 seeundum
558 769 661 830 locuni
682 769 776 830 facile
800 770 988 847 tutantibus,
1009 771 1246 849 permitteretur

241 872 377 934 revisere
391 874 649 950 necessitudines,
661 889 795 953 quarum
806 875 961 935 desiderio
972 882 1139 937 teneretur.
1184 879 1246 939 Sed
1261 892 1277 936 s

240 997 342 1057 neque
355 979 538 1057 impetravit
551 981 697 1058 ultroque
712 980 808 1041 etiam
822 981 1002 1042 admonitus
1017 987 1074 1057 est,
1086 986 1247 1044 dimitteret

190 1089 226 1140 12
240 1105 359 1145 omnem
379 1105 484 1146 curum
505 1105 638 1160 mosum,
660 1105 734 1161 quos
754 1095 817 1146 tum
837 1091 944 1163 cupide
965 1090 1138 1164 reliquisset.
1188 1089 1247 1149 aa
1334 1115 1336 1123 ,

240 1190 358 1250 mansit
376 1190 473 1266 igitur
492 1191 599 1250 Rhodi
620 1197 729 1260 contra
746 1191 951 1267 voluntatem,
965 1192 1022 1251 vix
1040 1211 1097 1270 per
1113 1199 1246 1254 matram

241 1301 434 1372 consecutus,
456 1303 493 1356 ut
517 1297 557 1356 ad
581 1295 751 1356 velandam¹
773 1296 978 1373 ignominiam
1003 1297 1095 1374 quasi
1122 1298 1246 1374 legatus

239 1402 385 1477 Auguste
407 1401 538 1462 abesset.
1263 1412 1292 1458 10

279 1507 449 1566 Enimvero
460 1512 535 1566 tunc
546 1526 610 1566 non
620 1506 779 1584 privatum
790 1508 892 1583 modo,
904 1508 1065 1569 sedetiam
1077 1509 1246 1570 obnoxium
1278 1569 1280 1574 .

240 1616 272 1672 et
286 1611 443 1690 trepidum
460 1612 533 1687 egit,
545 1611 782 1672 mediterraneis
797 1612 881 1688 agris
895 1613 1020 1674 abditus

239 1717 407 1794 vitansque
422 1717 764 1795 praeternavigantium
781 1717 890 1792 officia,
906 1718 1020 1795 quibus

240 1823 501 1900 frequentabatur
514 1823 648 1896 assidue,
663 1823 788 1882 nemine
803 1841 874 1890 curn
889 1822 1021 1900 imperio

240 1933 295 1988 aut
303 1927 490 2003 magistratu
498 1929 646 1987 tendente
655 1925 812 2005 quoquam
820 1929 897 2006 quin
905 1929 1081 1989 deuerteret
1090 1930 1245 1990 Rhodum.
1263 1945 1292 1990 15

238 2034 283 2093 Et
303 2038 501 2093 accesserunt
526 2033 651 2094 maioris
678 2033 901 2095 sollicitudinis
927 2053 1047 2095 causae.
1099 2035 1247 2113 Namque

239 2138 420 2216 privignum
455 2139 570 2201 Gaium
605 2137 729 2200 Orienti
764 2139 987 2217 praepositum,
1019 2159 1088 2200 curn
1122 2140 1247 2201 visendi

240 2243 342 2319 gratia
355 2243 530 2304 traiecisset
545 2244 682 2319 Samum,
698 2243 880 2304 alieniorem
896 2245 957 2304 sibi
972 2245 1071 2306 sensit
1090 2264 1130 2305 ex
1147 2245 1247 2305 crimi-

239 2347 420 2409 nationibus
435 2350 478 2408 M.
493 2348 715 2411 Lollicomitis
730 2355 763 2409 et
777 2349 907 2409 rectoris
923 2349 997 2410 eius.
1040 2350 1137 2410 Venit
1151 2351 1247 2411 etiam

239 2453 273 2513 in
295 2452 514 2531 suspicionem,
529 2474 584 2532 per
599 2456 750 2532 quosdam
771 2454 916 2514 beneficii
938 2455 988 2515 sui
1010 2456 1207 2516 centuriones
1228 2472 1292 2518 aso

240 2565 415 2619 commeatu
439 2566 542 2620 eastra
566 2559 739 2638 repetentis
763 2560 914 2619 mandata
938 2561 979 2620 ad
1000 2561 1175 2638 complures
1197 2561 1247 2620 de-

239 2665 324 2725 disse
348 2665 495 2740 ambigua
515 2670 547 2724 et
569 2685 648 2743 quae
670 2669 825 2743 temptare
847 2665 1041 2740 singulorum
1062 2666 1183 2726 animos
1205 2667 1247 2726 ad

238 2785 336 2830 novas
364 2789 414 2830 res
441 2770 631 2831 viderentur.
660 2769 672 2781 ’“
687 2773 736 2830 De
767 2789 829 2849 qua
862 2770 1039 2848 suspicione
1067 2771 1179 2830 certior
1207 2772 1247 2832 ab

239 2875 384 2951 Augusto
395 2875 508 2950 iactus,
520 2896 583 2936 non
598 2877 734 2936 cessavit
748 2875 917 2952 efflagitare
929 2875 1065 2953 aliquem
1078 2876 1247 2937 cuiuslibet

190 2989 226 3039 13
240 2981 360 3041 ordinis
379 2982 540 3041 custodem
558 2982 653 3042 factis
673 2988 767 3060 atque
786 2981 882 3042 dictis
904 2980 978 3042 suis.
1020 2981 1104 3059 Equi
1122 2999 1246 3060 quoque
1262 3003 1291 3047 25

240 3090 272 3145 et
292 3104 448 3146 armorum
471 3086 579 3146 solitas
601 3087 840 3147 exercitationes
868 3087 973 3146 omisit
998 3087 1181 3165 redegitque
1203 3105 1245 3162 se,

241 3191 383 3269 deposito
404 3193 507 3270 patrio
528 3193 647 3268 habitu,
663 3194 704 3254 ad
723 3193 853 3272 pallium
875 3200 907 3254 et
927 3193 1079 3272 crepidas,
1097 3197 1192 3270 atque
1212 3193 1247 3252 in

240 3295 299 3355 tali
320 3303 405 3357 statu
426 3299 553 3358 biennio
568 3299 635 3359 fere
650 3300 832 3377 permansit,
849 3298 1057 3383 contemptior
1072 3297 1105 3358 in
1125 3296 1192 3358 dies
1214 3304 1246 3357 et

241 3401 379 3478 invisior,
402 3404 480 3464 adeo
499 3410 535 3464 ut
556 3405 709 3481 imagines
730 3407 798 3465 eius
819 3410 851 3464 et
873 3410 994 3465 statuas
1015 3405 1246 3464 Nemausenses

242 3508 461 3584 subverterint,
484 3528 519 3569 ac
548 3509 700 3570 familiari
728 3511 884 3589 quondam
912 3509 1058 3570 convivio
1086 3506 1247 3568 mentione
1261 3524 1292 3572 ³⁰

241 3613 307 3675 eius
327 3619 405 3690 orta,
421 3614 581 3674 exstiterit
602 3614 658 3691 qui
679 3615 761 3676 Gaio
781 3615 991 3695 polliceretur,
1012 3614 1186 3676 confestim
1201 3632 1245 3690 se,

242 3719 269 3778 si
293 3720 422 3794 iuberet,
441 3718 596 3778 ‘Rhodum
620 3719 840 3795 navigaturum
864 3727 1020 3798 caputque
1045 3719 1163 3780 exsulis
1186 3718 1246 3798 (sie

1047 1699 1092 1746 llis
1101 1699 1246 1759 precatione

1047 1773 1156 1832 position
