3106 4378
489 297 600 347 rinna
623 298 657 349 V.
708 296 1039 349 n1vuscnauo1us.
1226 286 1269 350 93

305 467 523 547 Triumphalia
537 474 720 530 ornamenta
735 469 851 545 Silano,
867 469 951 530 filiae
966 489 1041 530 suae
1056 489 1180 548 sponse,
1196 489 1270 529 non·
1285 535 1288 542 ,

263 572 339 634 dum
360 573 470 652 puberi
491 573 588 648 dedit,
604 573 773 634 maioribus
788 593 862 633 vero
883 582 961 634 natu
978 580 1044 634 tam
1063 574 1174 635 multis
1194 582 1270 635 tam-

264 696 325 756 que
333 677 436 751 facile,
446 682 482 735 ut
491 674 629 753 epistula
637 673 794 734 communi
805 673 965 750 legionum
975 675 1101 735 nomine
1113 676 1272 736 exstiterit
1287 676 1290 682 ’

264 783 447 862 petentium,
462 779 625 856 utlagatis
641 779 858 840 consularibus
879 780 973 840 simul
992 800 1063 842 oum
1081 784 1222 842 exercitu
1236 788 1269 843 et

264 885 471 978 triumphalia
497 886 657 960 darentur,
686 904 725 945 ne
753 903 879 944 causam
908 883 984 944 belli
1018 904 1142 964 quoquo
1177 886 1301 949 modos

264 998 457 1072 quaererent.
500 990 584 1050 Aulo
605 989 731 1050 Plautio
752 989 848 1050 etiam
869 984 1047 1050 ovationem
1067 990 1207 1051 decrevit
1226 991 1271 1050 in-

265 1116 433 1176 gressoque
459 1097 568 1157 urbem
597 1095 721 1156 obviam
748 1113 942 1172 progressus,
964 1099 996 1154 et
1023 1095 1058 1154 in
1078 1095 1270 1173 Capitolium

265 1206 354 1265 eunti
381 1209 414 1263 et
440 1202 513 1262 inde
541 1221 649 1262 rursus
677 1199 848 1260 revertenti
874 1199 960 1260 latus
988 1199 1076 1261 texit.
1135 1201 1271 1262 Gabinio

267 1309 418 1384 Secundo,
434 1306 570 1369 Chaucis
591 1311 685 1384 gente
706 1304 895 1367 Germanica
915 1305 1080 1382 superatis,
1101 1323 1272 1383 cognomen

266 1414 424 1476 Chaucius
438 1431 590 1491 usmpare
605 1410 768 1472 concessit.
1290 1427 1318 1472 10

215 1537 253 1588 25
306 1518 473 1599 Equestris
487 1517 620 1577 militias
635 1516 681 1576 ita
694 1514 863 1591 ordinavit,
875 1520 911 1574 ut
922 1521 994 1593 post
1004 1515 1163 1576 cohortem
1179 1515 1272 1592 alam,

267 1633 338 1704 post
352 1625 434 1686 alam
449 1624 645 1684 tribunatum
660 1621 793 1698 legionis
808 1622 913 1698 daret,
940 1621 1162 1700 stipendiaque
1184 1622 1274 1682 insti-

267 1731 331 1791 tuit
342 1736 373 1790 et
384 1727 590 1805 imaginariae
601 1726 735 1786 militiae
746 1745 855 1803 genus,
865 1727 949 1804 quod
960 1745 1048 1786 voca

268 1843 320 1897 tur
343 1854 438 1912 supro
458 1834 628 1908 arimenum,
650 1850 713 1909 quo
732 1832 877 1892 absentes
899 1837 931 1890 et
952 1831 1048 1891 titulo

268 1947 360 2001 tenus
370 1941 586 2016 fungerentur.
621 1936 744 1997 Milites
753 1937 861 1996 domos
874 1935 1048 1996 senatorias

261 2047 429 2108 salutandi
442 2064 537 2106 causa
550 2043 673 2121 ingredi
693 2043 789 2102 etiarn
809 2047 936 2120 patrum
957 2042 1082 2102 decreto
1102 2040 1273 2120 prohibuit.

270 2152 458 2228 Libertinos,
472 2149 528 2229 qui
550 2169 583 2210 se
603 2168 660 2228 pro
680 2147 839 2226 equitibus
854 2146 1007 2208 Romanis
1023 2151 1161 2223 agerent,
1176 2146 1276 2224 publi-

270 2258 360 2318 cavit.
404 2257 550 2332 Ingratos
565 2261 597 2315 et
611 2255 650 2314 de
664 2253 779 2332 quibus
794 2252 920 2332 patroni
934 2257 1140 2330 quererentur
1155 2270 1276 2312 revoca

270 2363 318 2423 vit
332 2363 366 2422 in
380 2361 563 2423 servitutem
579 2359 804 2436 advocatisque
813 2377 921 2418 eorum
932 2357 1068 2433 negavit,
1081 2377 1114 2418 se
1126 2358 1276 2418 adversus

270 2468 399 2528 libertos
414 2466 551 2544 ipsorum
574 2465 624 2525 ius
645 2465 813 2524 dicturum.
857 2463 936 2523 Cum
965 2463 1094 2541 quidam
1124 2481 1218 2538 aegra
1244 2467 1277 2522 et
1293 2480 1322 2526 ao

271 2573 396 2633 adfecta
416 2570 573 2649 mancipia
593 2570 628 2629 in
648 2568 785 2630 insulam
799 2567 984 2646 Aesculapii
1006 2567 1110 2629 taedio
1130 2568 1277 2627 medendi

272 2682 470 2757 exponerent,
489 2695 602 2736 omnes·
616 2675 672 2752 qui
692 2679 922 2752 exponerentur
939 2674 1054 2734 liberos
1075 2692 1143 2734 esse
1161 2674 1275 2748 sanxit,

270 2802 328 2844 nec
341 2783 443 2844 redire
458 2782 492 2840 in
506 2781 660 2841 dicionem
675 2779 804 2856 domini,
821 2779 849 2840 si
864 2779 1114 2854 convaluissent3
1144 2779 1229 2856 quod
1249 2778 1277 2839 si

272 2888 343 2966 quis
357 2906 466 2948 necare
488 2906 581 2964 quem
602 2885 712 2946 mallet
732 2904 825 2963 quam
844 2903 1008 2962 exponere,
1024 2883 1129 2944 caedis
1147 2883 1277 2944 crimine

272 2993 380 3053 teneri.
423 2993 568 3054 Viatores
588 3011 628 3052 ne
646 3011 703 3070 per
717 2990 832 3051 Italiae
851 2990 968 3068 oppida
987 2989 1049 3049 nisi
1070 2994 1126 3049 aut
1145 2989 1278 3067 pedibus
1294 3011 1323 3055 25

273 3104 327 3159 aut
342 3098 421 3159 sella
437 3105 493 3158 aut
511 3097 624 3158 lectica
641 3097 822 3171 transirent,
838 3094 961 3155 monuit
981 3094 1092 3155 edicto.
1135 3094 1278 3154 Puteolis

273 3210 305 3264 et
332 3204 439 3266 Ostiae
468 3203 608 3281 singulas
639 3204 783 3280 cohortes
811 3203 852 3262 ad
879 3202 1029 3262 arcendos
1062 3200 1278 3261 incendiorum

273 3328 363 3370 casus
378 3310 552 3370 collocavit.

313 3415 501 3492 Peregrinae
528 3414 720 3476 condicionis
748 3413 892 3474 homines
912 3413 1016 3474 vetuit
1044 3430 1195 3492 usurpare
1220 3412 1280 3470 Rc

274 3540 367 3582 mana
380 3521 507 3581 nomina
521 3522 687 3581 dumtaxat
702 3519 872 3596 gentilicia.
917 3518 1087 3579 Civitatem
1103 3519 1279 3578 Romanam
1296 3533 1325 3579 30

274 3633 461 3705 usurpantes
476 3626 510 3687 in
524 3644 635 3704 campo
644 3623 812 3702 Esquilino
827 3624 929 3686 securi
944 3624 1107 3701 percussit.
1151 3624 1280 3685 Provin-

276 3730 339 3792 cias
364 3731 516 3792 Achaiam
541 3737 573 3791 et
596 3729 824 3806 Macedoniam,
845 3747 924 3807 quas
946 3727 1091 3790 Tiberius
1113 3730 1154 3790 ad
1173 3749 1279 3791 curam
