3106 4378
305 282 368 346 140
407 294 436 346 u.
460 293 615 344 suarem
635 293 862 356 calnomum
881 295 931 344 nn
950 293 1043 344 vrri
1061 293 1263 345 cassanum

304 485 414 527 manus
433 484 518 526 meas
535 465 707 543 pugillares
728 464 891 543 libellique
913 484 983 525 cum
1005 443 1191 542 quibusdam¹
1212 465 1307 525 notis-

275 639 277 646 ,
305 572 393 632 simis
404 569 555 646 versibus,
567 570 667 648 ipsius
683 570 890 648 chirographo
904 571 1040 648 scriptis,
1055 575 1091 629 ut
1105 569 1200 629 facile
1215 589 1307 648 appa

304 683 386 736 reret
399 695 463 735 non
477 675 608 736 tralatos
623 681 678 735 aut
692 675 833 735 dictante
847 675 954 751 aliquo
967 680 1123 753 exceptos
1139 675 1194 734 sed
1213 674 1305 752 plane

303 783 394 860 quasi
409 801 427 842 a
441 782 597 857 cogitante
612 786 706 858 atque
723 787 892 857 generante
908 788 1068 856 exarat0s3
1090 781 1136 840 ita
1155 781 1255 840 multa
1274 787 1306 840 et
1339 751 1352 780 ⁰

272 888 408 951 tdeleta
433 893 465 947 et
492 886 622 946 inducta
649 891 682 945 et
706 885 922 964 'superscripta
949 886 1081 946 inerant.
1124 886 1246 946 Habuit
1274 892 1306 946 et
1319 895 1358 945 53

303 993 455 1072 pingendi
474 991 675 1068 fingendique
696 1009 760 1051 non
780 991 934 1051 mediocre
955 991 1103 1051 studium.

343 1099 482 1158 Maxime
497 1103 600 1157 autem
617 1095 827 1174 popularitate
844 1095 1040 1170 efferebatur,
1055 1097 1194 1155 omnium
1205 1116 1307 1157 aemn-

302 1203 362 1280 lus,
385 1203 440 1281 qui
464 1221 589 1280 quoquo
613 1202 706 1261 modo
730 1201 869 1261 animum
893 1201 981 1277 vulgi
1005 1208 1173 1262 moverent.
1216 1202 1306 1263 Exiit
1415 1234 1417 1239 ·

303 1351 349 1398 m·
359 1350 462 1409 Imm
528 1307 643 1386 opinio,
655 1312 728 1384 post
742 1307 899 1368 scaenicas
914 1326 1042 1366 coronas
1053 1308 1195 1385 proximo
1205 1307 1306 1368 lustro

259 1427 288 1472 ιο
302 1425 342 1474 for
351 1425 455 1484 popular
529 1412 752 1472 descensurum
762 1431 833 1470 eum
844 1412 885 1472 ad
896 1411 1045 1490 Olympia
1056 1412 1138 1472 inter
1152 1412 1304 1489 athletas;

304 1500 427 1558 ²99¹⁸⁰⁸⁶
529 1536 601 1577 nam
621 1522 653 1576 et
672 1516 850 1577 luctabatur
869 1517 1002 1593 assidue,
1021 1536 1079 1576 nec
1100 1517 1191 1577 aliter
1212 1525 1308 1578 certa

304 1623 389 1684 mina
414 1622 561 1700 gymnica
585 1627 652 1681 tota
680 1622 812 1682 Graecia
839 1627 1037 1699 spectaverat
1061 1633 1155 1699 quam
1182 1622 1308 1683 brabeu-
1401 1702 1406 1711 Ι

303 1734 407 1788 tarum
431 1747 517 1787 more
540 1727 575 1786 in
599 1727 701 1787 stadio
729 1726 817 1786 humi
843 1728 985 1788 assidens
1010 1747 1054 1803 ac,
1081 1728 1109 1786 si
1133 1747 1195 1805 qua
1219 1728 1308 1806 paria

304 1833 429 1908 longius
444 1832 656 1907 recessissent,
671 1832 704 1891 in
719 1831 857 1891 medium
871 1832 1015 1900 manibus
1030 1832 1096 1892 suis
1111 1833 1305 1910 protrahens
1353 1898 1354 1901 Ἴ

261 1953 289 1998 15
305 1938 528 1998 Destinaverat
549 1937 654 2012 etiam,
676 1937 751 2013 quia
772 1937 953 2014 Apollinem
975 1942 1078 2012 cantu,
1102 1937 1204 1996 Solem
1230 1939 1309 1998 auri-

305 2044 407 2119 gando
441 2041 642 2119 aequiperare
677 2042 919 2116 existimaretur,
951 2042 1070 2102 imitari
1098 2047 1130 2101 et
1158 2041 1307 2102 Herculis

305 2149 406 2224 facta3
429 2153 708 2225 praeparatumque
726 2147 847 2206 leonem
868 2147 965 2222 aiunt,
982 2166 1074 2223 quem
1088 2146 1139 2206 vel
1155 2147 1244 2207 clava
1257 2148 1308 2206 vel

305 2252 503 2313 brachiorum
531 2252 662 2312 nexibus
690 2248 725 2310 in
752 2251 977 2330 amphitheatri
1004 2251 1122 2312 harena
1147 2259 1308 2330 spectante

305 2358 421 2436 populo
441 2358 545 2417 nudus
567 2357 705 2417 elideret.
750 2357 813 2417 Sub
834 2357 922 2416 exitu
947 2357 1074 2434 quidem
1095 2357 1179 2417 vitae
1204 2358 1308 2436 palam
1322 2372 1361 2422 54

260 2475 290 2520 ao
306 2469 443 2538 voverat,
454 2463 481 2523 si
493 2462 554 2522 sibi
565 2462 731 2522 incolumis
747 2467 849 2524 status
864 2463 1098 2540 permansisset,
1110 2463 1307 2540 proditurum

307 2588 339 2630 se
360 2575 468 2647 partae
488 2567 639 2628 victoriae
660 2567 744 2628 ludis
766 2568 861 2628 etiam
881 2568 1068 2646 hydraulam
1083 2575 1116 2629 et
1129 2568 1308 2630 choraulam

306 2680 338 2735 et
352 2673 579 2748 utricularium,
595 2692 630 2733 ao
648 2673 817 2733 novissimo
836 2674 888 2733 die
906 2673 1094 2734 histrionem
1113 2674 1310 2734 saltaturum-

307 2799 367 2858 que
380 2779 502 2856 Vergili
517 2781 665 2839 Turnum.
709 2781 752 2839 Et
767 2786 840 2840 sunt
856 2779 912 2858 qui
931 2781 1068 2855 tradant,
1084 2771 1229 2840 Paridem
1248 2779 1311 2840 his·

306 2884 441 2944 trionem
456 2885 591 2944 occisum
606 2886 647 2944 ab
661 2903 697 2970 eo
714 2885 804 2962 qnasi
824 2904 949 2961 gravem
967 2885 1189 2946 adversarium.
1232 2885 1310 2944 Erat
1324 2891 1361 2941 55

261 2989 357 3053 atilli
381 2989 577 3051 aeternitatis
601 2997 832 3069 perpetuaeque
856 2991 960 3050 famae
985 2992 1107 3069 cupid0,
1131 2992 1185 3052 sed
1208 2991 1312 3050 incon-

246 3113 249 3118 ·
307 3096 399 3156 suita.
442 3098 579 3176 Ideoque
594 3098 703 3158 multis
721 3098 813 3158 rebus
828 3116 863 3157 ac
877 3097 962 3172 locis,
979 3103 1084 3157 vetere
1100 3097 1311 3175 appellatione

307 3203 455 3278 detracta,
477 3222 590 3262 novam
611 3203 728 3263 indixit
749 3221 788 3262 ox
809 3222 865 3262 suo
884 3202 1018 3277 nornine,
1033 3221 1173 3270 mensem
1188 3220 1311 3280 quoque

307 3307 453 3385 Aprilem
475 3310 655 3368 Neroneum
678 3307 868 3386 appellavit;
891 3307 1104 3368 destinaverat
1125 3313 1158 3368 et
1178 3309 1311 3368 Romam

306 3413 490 3491 Neropolim
505 3431 693 3491 nuncupare.

262 3505 321 3580 ³0*
348 3517 549 3594 Religionum
577 3537 801 3596 usquequaque
830 3524 1036 3597 contemptor,
1063 3524 1187 3596 praeter
1217 3517 1311 3578 unius
1326 3531 1364 3582 56

308 3624 393 3683 Deae
417 3623 534 3700 Syriae.
576 3623 670 3682 Hanc
692 3642 765 3682 mox
787 3623 833 3683 ita
856 3623 976 3701 sprevit
995 3628 1031 3682 ut
1053 3624 1145 3684 urina
1166 3623 1314 3684 contami·

268 3793 273 3802 ,
308 3733 407 3804 naret,
418 3727 483 3788 alia
497 3727 719 3805 superstitione
730 3732 850 3806 captus,
859 3727 894 3787 in
908 3746 971 3804 qua
986 3727 1053 3788 sola
1063 3728 1313 3806 pertinacissime
