3078 4380
542 319 654 369 creua
677 319 730 371 111.
782 318 962 370 ornamus.
1216 309 1259 374 25

250 497 333 554 taret
358 497 413 553 ant
442 493 590 566 demeret,
615 497 713 569 utque
741 491 836 552 nudis
861 490 977 569 puellis
1003 492 1258 554 ministrantibus

251 602 421 658 conaretur.
466 596 706 673 Ignotissimum
734 601 922 673 quaesturae
946 597 1149 658 candidatum
1173 597 1259 659 nobi·

251 702 383 764 lissimis
400 701 582 780 anteposuit
596 700 636 760 ob
650 705 775 778 epotam
792 701 827 760 in
843 700 997 777 convivio,
1012 701 1200 780 propinante
1215 707 1257 779 se,

251 809 319 868 vini
330 808 523 885 amphoram.
568 805 691 866 Asellio
701 805 817 866 Sabino
828 805 974 866 sestertia
984 807 1259 869 ducentadonavit

251 932 307 992 pro
327 912 460 988 dialog0,
476 911 510 970 in
530 930 593 989 quo
611 910 709 972 boleti
729 916 761 970 et
778 910 929 971 ficedulae
944 917 976 972 et
990 917 1111 972 ostreae
1126 919 1158 973 et
1172 914 1288 974 turdis

252 1023 409 1078 certamen
420 1017 596 1077 induxerat.
640 1017 766 1075 Novum
781 1015 918 1093 denique
935 1015 1070 1076 officium
1085 1016 1260 1078 instituite

252 1123 476 1210 voluptatibus,
485 1120 664 1200 praeposito
674 1120 781 1198 equite
790 1121 933 1181 Romano
942 1122 977 1179 Τ.
985 1120 1257 1185 CaesonioPrisoo.

200 1341 239 1392 46
292 1332 446 1393 Pecuniae
460 1349 572 1410 parcus
587 1349 623 1390 ac
640 1336 744 1406 tenax,
759 1329 889 1390 comites
906 1331 1193 1408 peregrinationum
1210 1352 1261 1393 ex-

252 1438 510 1517 peditionumque
522 1454 693 1513 numquam
703 1434 827 1510 salario,
836 1433 962 1495 cibariis
970 1440 1036 1495 tan·
1095 1505 1100 1516 ι

252 1550 321 1606 tum
336 1543 535 1618 sustentavit,
547 1561 611 1602 una
625 1541 717 1601 modo
731 1540 924 1601 liberalitate
938 1560 977 1602 ex
991 1541 1036 1601 in·
1061 1505 1207 1566 smm⁰⁸⁸
1277 1569 1305 1614 10

253 1649 417 1726 dulgentia
436 1647 543 1708 vitrici
565 1651 759 1725 prosecutus,
775 1665 846 1706 cum
867 1645 969 1706 tribus
990 1645 1145 1707 classibus
1164 1646 1259 1706 factis

253 1775 310 1834 pro
330 1753 486 1830 dignitate
503 1752 664 1830 cuiusque,
680 1751 801 1829 primae
824 1756 967 1812 sescenta
986 1751 1139 1826 sestertia,
1156 1768 1261 1811 secun-

253 1861 312 1920 dae
332 1859 563 1938 quadringenta
586 1856 758 1932 distribuit,
781 1856 918 1916 ducenta
938 1857 1060 1931 tertiae,
1082 1874 1176 1933 quam
1196 1874 1261 1916 non

254 1966 432 2036 amicorum,
449 1965 504 2025 sed
519 1968 679 2041 gratorum
693 1942 884 2040 appellabat.

201 2081 239 2133 47
293 2070 445 2148 Princeps
459 2087 560 2146 neque
575 2086 669 2146 opera
683 2067 750 2127 ulla
764 2065 931 2142 magnifica
944 2066 1022 2126 fecit
1034 2066 1121 2146 (nam
1135 2073 1167 2127 et
1181 2085 1260 2146 quae
1270 2083 1298 2129 15

254 2175 321 2236 sola
335 2181 522 2253 susceperat,
539 2174 678 2251 Augusti
693 2172 848 2250 templum
863 2172 1158 2250 restitutionemque
1171 2172 1261 2232 Pom-

253 2280 358 2360 peiani
375 2280 501 2355 theatri,
517 2279 704 2357 imperfecta
723 2284 796 2356 post
817 2282 865 2337 tot
883 2295 982 2337 annos
1001 2277 1144 2358 reliquit)
1160 2297 1261 2355 neque

254 2385 433 2464 spectacula
443 2384 569 2444 omnino
580 2383 698 2459 edidit;
721 2388 753 2442 et
764 2383 814 2457 iis,
827 2401 907 2460 quae
918 2384 958 2444 ab
969 2381 1075 2460 aliquo
1086 2383 1261 2460 ederentur,

254 2490 413 2554 rarissime
423 2489 578 2565 interfuit,
590 2509 631 2550 ne
642 2488 719 2567 quid
730 2493 959 2566 exposceretur,
970 2488 1080 2565 utique
1094 2494 1261 2567 postquam
1313 2567 1318 2576 ¹

254 2596 435 2657 comoedum
453 2594 581 2656 Actium
601 2599 726 2656 coactus
746 2599 796 2654 est
814 2592 1043 2653 manumittere.
1086 2595 1261 2653 Paucorum
1277 2609 1307 2654 ao

255 2707 432 2762 senatorum
460 2699 568 2779 inopia
595 2704 780 2774 sustentata,
802 2717 841 2757 ne
870 2697 1013 2777 pluribus
1038 2716 1128 2776 opem
1153 2699 1260 2774 ferret,

254 2797 382 2882 negavit
396 2824 429 2866 se
444 2805 516 2865 aliis
534 2807 771 2881 subventurum,
788 2805 850 2866 nisi
870 2805 994 2866 senatui
1012 2804 1112 2865 iustas
1131 2804 1262 2864 necessi-

254 2911 367 2971 tatium
382 2929 491 2971 causas
506 2910 699 2988 probassent.
743 2912 811 2983 Quo
824 2916 917 2990 pacto
931 2911 1096 2989 plerosque
1108 2909 1262 2970 modestia

255 3022 287 3076 et
300 3017 419 3095 pudore
433 3016 594 3091 deterruit,
610 3016 773 3095 inquibus
789 3016 968 3090 Hortalum,
983 3015 1094 3100 Quinti
1109 3015 1260 3075 Hortensi

255 3122 387 3182 oratoris
415 3127 569 3199 nepotem,
599 3123 655 3202 qui
685 3124 865 3202 permodica
893 3141 926 3183 re
954 3121 1105 3183 familiari
1134 3126 1305 3180 auctorent

255 3228 399 3303 Augusto
413 3232 561 3305 quattuor
576 3227 691 3289 liberos
705 3228 831 3290 tulerat.

201 3341 241 3392 48
294 3332 425 3393 Publice
446 3332 693 3394 munificentiam
716 3334 765 3395 bis
786 3333 913 3394 omnino
931 3333 1084 3409 exhibuit,
1100 3332 1260 3412 proposito

225 3437 236 3460 '
254 3436 357 3498 milies
381 3437 562 3499 sestertium
586 3439 724 3516 gratuito
748 3439 783 3498 in
804 3420 936 3500 triennii
956 3444 1090 3517 tempus,
1105 3444 1137 3498 et
1151 3457 1259 3499 rursus

254 3542 442 3620 quibusdam
471 3543 608 3604 dominis
636 3543 821 3620 insularum,
849 3563 929 3623 quae
956 3543 991 3604 in
1018 3549 1124 3604 monte
1152 3543 1259 3604 Caelio

253 3646 472 3724 deflagrarant,
494 3649 597 3727 pretio
620 3648 776 3709 restituto.
819 3649 955 3720 Quorum
983 3649 1118 3709 alterum
1145 3666 1260 3723 magua
1275 3662 1304 3707 ao

253 3751 439 3813 difficultate
454 3753 638 3829 nummaria,
652 3753 770 3831 populo
784 3753 937 3818 auxilium
951 3753 1122 3830 flagitante,
1134 3757 1259 3813 coactus
