3106 4378
299 317 341 382 62
376 328 406 381 c.
430 325 586 378 susroru
609 325 838 388 ramosum
861 326 911 375 nn
935 327 1026 376 vrrs
1050 301 1253 380 enisurum

299 501 366 562 dies
382 499 499 582 sparsit
513 499 547 558 in
566 498 697 577 plebem.
740 497 922 558 Fabrioavit
937 504 968 558 et
987 499 1106 561 deceris
1121 500 1306 562 Liburnicas

299 606 465 684 gemmatis
493 604 661 682 puppibus,
690 603 930 665 versicoloribus
961 604 1050 680 velis,
1079 625 1193 682 magna
1226 606 1308 667 ther-

299 731 420 772 marum
441 717 475 770 et
497 709 673 788 porticuum
695 715 728 769 et
748 709 957 770 tricliniorum
979 709 1111 770 laxitate
1132 730 1306 789 magnaque

298 819 396 878 etiam
411 816 524 876 vitium
542 820 575 874 et
591 815 818 892 pomiferarum
836 814 980 874 arborum
1000 815 1170 892 varietate3
1193 817 1307 894 quibus

266 923 498 983 ediscumbens
527 920 566 981 de
590 918 642 980 die
666 919 750 980 inter
778 919 888 980 choros
916 938 951 980 ac
980 920 1185 999 symphonias
1214 921 1308 982 litora

299 1027 488 1106 Campaniae
513 1031 703 1104 peragraret.
746 1026 785 1084 In
799 1025 1066 1086 exstructionibus
1080 1027 1307 1104 praetoriorum

299 1139 393 1211 atque
409 1132 566 1206 villarum,
576 1131 662 1190 omni
674 1131 794 1190 ratione
809 1130 1000 1208 posthabita,
1011 1131 1093 1190 nihil
1107 1136 1173 1191 tarn
1188 1131 1307 1192 efficere

299 1235 538 1314 concupiscebat
550 1254 644 1313 quam
656 1237 741 1313 quod
749 1255 841 1313 posse
850 1235 929 1295 effici
939 1241 1113 1311 negaretur.
1153 1238 1196 1297 Et
1206 1236 1307 1297 iactae

299 1343 407 1421 itaque
425 1341 524 1402 moles
543 1341 661 1401 infesto
680 1359 716 1400 ac
733 1341 891 1418 profundo
907 1341 997 1416 mari,
1018 1347 1050 1401 et
1069 1341 1192 1402 excisae
1213 1361 1306 1419 mpes

254 1461 283 1507 1o
299 1447 462 1508 durissimi
488 1447 597 1521 silicis,
618 1452 650 1506 et
675 1447 777 1523 campi
802 1447 962 1506 montibus
984 1465 1096 1523 aggere
1117 1446 1253 1524 aequati,
1276 1452 1308 1507 et

298 1552 497 1630 complanata
523 1550 656 1612 fossuris
681 1551 833 1611 montium
865 1551 947 1627 iuga,
973 1550 1152 1612 incredibili
1180 1545 1306 1629 quidem

297 1657 467 1732 celeritate,
482 1676 553 1716 cum
573 1674 678 1716 morae
697 1656 791 1734 culpa
807 1656 911 1734 capite
932 1657 1079 1716 lueretur.
1122 1657 1170 1716 Ac
1188 1676 1228 1716 ne
1247 1657 1308 1718 sin-

298 1763 373 1840 gula
391 1780 579 1836 enumerem,
595 1761 764 1820 immensas
784 1779 868 1838 opes,
887 1767 1051 1839 totumque
1069 1761 1150 1821 illud
1169 1762 1217 1821 Ti.
1235 1742 1308 1824 an-

298 1867 377 1930 saris
389 1867 486 1928 vicies
501 1885 537 1926 ao
557 1865 672 1943 septies
688 1865 791 1926 milies
806 1865 987 1926 sestertium
1007 1886 1070 1927 non
1084 1872 1151 1926 toto
1166 1872 1307 1928 vertente

253 1984 282 2030 15
298 1991 380 2032 anno
397 1971 582 2048 absumpsit.

337 2077 521 2138 Exhaustus
536 2075 634 2153 igitur
654 2080 748 2152 atque
762 2094 857 2153 egens
874 2077 915 2136 ad
932 2077 1058 2155 rapinas
1074 2077 1230 2138 convertit
1244 2077 1307 2136 ani·
1321 2087 1358 2139 ³8

297 2202 393 2257 mum,
408 2182 497 2242 vario
511 2189 543 2240 et
561 2180 819 2257 exquisitissimo
831 2181 1058 2242 calumniarum
1079 2187 1111 2242 et
1126 2183 1304 2242 auctionum

525 2291 557 2346 et
574 2285 778 2361 vectigalium
792 2305 913 2361 genere.
955 2288 1101 2363 Negabat
1118 2287 1185 2347 iure
1200 2287 1307 2347 civita

296 2368 453 2490 §32:5⁶
524 2396 589 2450 tem
604 2391 779 2450 Romanam
793 2410 944 2469 usurpare
955 2410 1017 2467 eos,
1028 2411 1159 2469 quorum
1175 2392 1306 2452 maiores

251 2511 281 2557 ao
526 2495 588 2555 sibi
612 2495 811 2572 posterisque
839 2515 907 2555 eam
931 2496 1164 2573 impetrassent,
1190 2495 1253 2556 nisi
1279 2497 1306 2556 si

296 2600 356 2660 filii
380 2605 495 2674 essent,
521 2619 621 2678 neque
646 2599 730 2659 enim
752 2599 894 2676 intellegi
922 2601 1035 2662 debere
1055 2607 1196 2680 posteros
1221 2601 1307 2662 ultra

296 2706 380 2766 hunc
394 2706 543 2782 gradum,
566 2705 750 2784 prolataque
764 2706 916 2766 Divorum
933 2706 997 2766 Iuli
1012 2711 1045 2765 et
1059 2705 1196 2782 Augusti
1208 2707 1307 2783 diplo

296 2817 381 2871 mata
403 2817 439 2871 ut
464 2816 572 2871 vetera
593 2817 626 2871 et
651 2811 791 2871 obsoleta
814 2811 956 2872 deflebat.
999 2811 1161 2887 Arguebat
1186 2817 1218 2871 et
1240 2830 1307 2888 per·

296 2935 402 2993 peram
422 2916 524 2976 editos
544 2934 665 2991 census,
683 2916 798 2994 quibus
818 2923 927 2994 postea
946 2936 1142 2994 quacumque
1158 2917 1198 2976 de
1212 2935 1307 2976 causa

250 3036 279 3081 25
296 3021 464 3098 quicquam
486 3021 672 3081 incrementi
700 3021 892 3082 accessisset.
935 3023 1138 3083 Testamenta
1166 3021 1306 3099 primipi-

295 3125 419 3200 larium,
431 3126 486 3202 qui
501 3125 541 3185 ab
555 3125 648 3186 initio
659 3126 765 3186 Tiberi
774 3127 971 3205 principatus
982 3146 1083 3204 neque
1096 3127 1189 3186 illum
1203 3145 1305 3203 neque

296 3249 329 3290 se
343 3229 491 3290 heredem
511 3231 723 3308 reliquissent,
738 3238 775 3291 ut
789 3233 913 3308 ingrata
931 3232 1076 3306 rescidit;
1098 3231 1174 3291 item
1191 3236 1306 3291 cetero

294 3355 365 3394 rum
376 3341 413 3395 ut
423 3335 514 3396 irrita
526 3341 559 3395 et
570 3355 659 3412 vana,
673 3355 885 3414 quoscumque
896 3336 967 3414 quis
979 3336 1097 3396 diceret
1108 3336 1223 3396 herede
1232 3337 1305 3397 Cae-

294 3460 363 3501 sare
378 3441 458 3499 mori
474 3441 659 3502 destinasse.
703 3443 770 3513 Quo
789 3448 876 3502 metu
898 3442 1013 3502 iniecto
1034 3461 1105 3502 oum
1127 3441 1191 3501 iam
1212 3447 1244 3500 et
1264 3442 1305 3501 ab

249 3561 278 3608 ³0
294 3545 411 3623 ignotis
424 3547 507 3606 inter
518 3547 692 3608 familiares
704 3554 736 3608 et
747 3548 960 3625 aparentibus
972 3548 1054 3606 inter
1069 3547 1184 3607 liberos
1199 3545 1303 3624 palam

293 3652 384 3712 heres
407 3657 651 3730 nuncuparetur,
666 3653 819 3713 derisores
834 3653 974 3726 vocabat,
991 3652 1075 3728 quod
1095 3657 1167 3729 post
1188 3669 1304 3710 nuncu-

294 3756 455 3836 pationem
469 3757 576 3818 vivere
596 3763 842 3834 perseverarent,
857 3763 889 3818 et
909 3756 1021 3817 multis
1035 3761 1206 3816 venenatas
1227 3760 1304 3815 mat
