3078 4380
539 297 650 348 ninus
674 298 726 350 111.
777 297 956 350 rmnnms.
1209 285 1253 352 19

246 472 393 548 singul-im·
415 489 509 546 oeque
529 473 563 529 id
584 473 696 530 dixisse
716 491 762 530 me
777 475 921 547 poenitet,
941 481 969 531 et
989 474 1080 531 bonos
1099 481 1125 531 et
1142 491 1253 548 aequos

247 583 273 634 et
287 579 426 650 fauentes
440 594 493 634 ooo
506 577 600 634 habui
613 578 751 634 dominos
765 585 793 634 et
806 578 905 636 adhuc
917 578 1019 636 habeo.

196 690 232 740 30
286 679 369 750 Quin
385 679 480 739 etiam
495 679 632 758 speciem
646 679 802 740 libertatis
814 681 972 758 quandam
986 680 1122 758 induxit,
1133 701 1253 743 conser-

247 786 329 847 vatis
351 785 474 845 senatui
495 803 530 844 ac
550 784 787 860 magistratibus
810 792 842 844 et
861 787 1026 846 maiestate
1051 847 1157 906 Libeny

246 892 381 970 pristina
404 897 436 950 et
460 894 626 968 potestate.
670 891 781 967 Neque
803 896 869 950 tam
894 911 1026 969 parvum
1051 922 1212 969 ,nomm
1267 911 1283 958 s

246 997 413 1076 quicquam
435 1014 537 1074 neque
562 1000 628 1054 tam
652 1014 800 1071 magnum
824 996 944 1074 publici
965 998 1026 1076 pri·
1052 997 1200 1043 mntem

246 1103 374 1180 vatique
396 1101 515 1177 negotii
537 1100 609 1175 fuit,
632 1100 671 1159 de
692 1119 754 1178 quo
774 1120 837 1160 non
858 1101 899 1162 ad
920 1109 1025 1181 patres
1051 1070 1219 1129 mmmm

245 1207 437 1285 conscriptos
457 1206 642 1265 referretur:
670 1205 708 1264 de
722 1205 929 1283 vectigalibus
944 1226 980 1267 ac
996 1211 1193 1289 monopoliis,
1212 1210 1251 1270 de

245 1312 445 1372 exstruendis
458 1310 674 1371 reficiendisve
684 1311 838 1389 operibus,
847 1312 943 1372 etiam
953 1314 991 1373 dc
1000 1314 1132 1391 legendo
1142 1317 1193 1377 vel
1203 1336 1253 1377 ex-

245 1419 437 1479 auctorando
451 1417 555 1477 milite
570 1435 606 1476 ao
617 1416 777 1492 legionum
788 1422 820 1476 et
831 1418 1021 1479 auxiliorum
1032 1421 1251 1501 descriptione,
1268 1434 1298 1479 10

245 1525 379 1600 denique
405 1522 518 1600 quibus
544 1521 711 1599 imperium
738 1523 900 1601 prorogari
925 1530 980 1585 aut
1004 1526 1253 1587 extraordinaria

243 1628 328 1688 bella
343 1627 495 1701 mandari,
512 1627 589 1705 quid
608 1632 717 1704 etqua
735 1627 838 1686 forma
856 1647 964 1704 regum
986 1629 1102 1692 litteris
1121 1631 1252 1692 rescribi

244 1733 390 1811 placeret.
434 1733 635 1792 Praefectum
649 1732 726 1807 alae,
739 1732 777 1791 de
787 1733 822 1791 vi
836 1738 868 1792 et
882 1734 1001 1811 rapinis
1016 1754 1113 1811 reum,
1126 1753 1251 1798 causam

244 1839 277 1898 in
302 1844 414 1899 senatu
439 1837 543 1897 dicere
568 1836 678 1912 coegit.
720 1838 902 1915 Numquam
929 1839 1047 1900 curiam
1075 1841 1138 1902 nisi
1166 1843 1251 1903 solus

244 1944 392 2019 intravit3
415 1943 528 2003 lectica
546 1943 704 2020 quondam
725 1942 894 2004 introlatus
915 1963 1015 2022 aeger,
1031 1947 1162 2007 comites
1181 1967 1200 2008 a
1218 1967 1251 2008 se
1268 1962 1297 2009 15

192 2058 228 2110 31
245 2049 385 2108 removit.
409 2048 595 2118 ‘Quaedam
619 2047 770 2107 adversus
793 2049 983 2110 sententiam
1006 2069 1094 2111 suam
1116 2053 1250 2129 decerni,

244 2173 282 2214 ne
297 2159 426 2232 questus
443 2154 570 2232 quidem
586 2160 641 2213 est.
685 2155 831 2230 Negante
845 2173 882 2214 eo
897 2155 1071 2218 destinatos
1090 2159 1252 2234 magistra

243 2257 297 2320 tus
315 2260 423 2320 abesse
445 2264 596 2337 oportere,
616 2264 653 2318 ut
673 2265 855 2337 praesentes
876 2260 987 2321 honori
1008 2263 1250 2340 acquiescerent,

243 2372 367 2442 praetor
376 2364 559 2440 designatus
569 2363 701 2423 liberam
711 2363 900 2440 legationem
909 2366 1099 2445 impetravit.
1131 2370 1251 2429 Iterum

243 2476 398 2544 censente,
427 2475 464 2528 ut
491 2468 656 2528 Trebianis
690 2468 825 2545 legatam
857 2469 892 2530 in
920 2490 998 2549 opus
1032 2473 1105 2533 novi
1134 2473 1297 2534 theatrico

243 2575 408 2653 pecuniam
434 2575 473 2634 ad
497 2561 707 2634 munitionem
732 2575 800 2634 viae
825 2577 998 2636 transferre
1019 2580 1249 2654 concederetur,

243 2679 385 2759 optinere
409 2699 473 2739 non
494 2679 600 2757 potuit
623 2679 701 2756 quin
723 2687 792 2740 rata
814 2681 961 2742 voluntas
987 2682 1134 2758 legatoris
1158 2690 1249 2744 esset.

244 2786 322 2847 Cum
347 2790 474 2845 senatus
503 2784 681 2847 consultum
709 2803 765 2862 per
793 2785 1016 2847 discessionem
1045 2789 1127 2848 forte
1151 2788 1249 2864 ficret,

243 2895 458 2951 transeuntem
484 2889 612 2949 eumin
633 2889 765 2950 alteram
790 2896 920 2969 partem,
945 2892 979 2951 in
1004 2911 1067 2970 qua
1087 2893 1250 2971 pauciores

243 2991 340 3072 erant,
357 3001 481 3056 secutus
497 3001 544 3056 est
558 3015 658 3056 nemo,
1266 3017 1296 3062 25

283 3102 395 3163 Cetera
406 3121 529 3180 quoquc
544 3103 671 3163 nonnisi
686 3123 741 3181 per
752 3104 956 3180 magistratus
968 3111 1000 3166 et
1014 3105 1081 3165 iure
1092 3105 1251 3166 ordinario

242 3209 423 3284 agebantur,
438 3213 529 3269 tanta
543 3209 706 3269 consulum
717 3210 907 3278 auctoritate
921 3216 958 3271 ut
975 3212 1072 3288 legati
1086 3230 1125 3270 ex
1139 3212 1251 3272 Africa

243 3313 379 3374 adierint
393 3333 445 3374 cos
462 3315 736 3403 querentes-trahi
754 3335 820 3376 sea
839 3317 970 3378 Caesare
990 3318 1031 3377 ad
1048 3335 1141 3394 quem
1159 3318 1250 3378 missi

242 3420 354 3481 forent.
398 3422 466 3480 Neo
477 3421 601 3493 mirum,
617 3441 685 3481 cum
701 3423 805 3500 palam
822 3430 905 3484 esset
920 3425 1023 3504 ipsum
1051 3460 1238 3508 emmam„

242 3545 366 3604 quoque
382 3527 499 3586 eisdem
516 3531 547 3586 ct
562 3545 724 3605 assurgere
746 3535 777 3588 et
796 3530 945 3593 decedere
962 3531 1022 3591 via.
1050 3535 1222 3595 neplayento
1266 3539 1296 3586 30

190 3640 228 3691 32
243 3631 404 3710 Corripuit
434 3631 613 3692 consulares
645 3633 834 3695 exercitibus
868 3636 1025 3714 praeposi·
1050 3609 1231 3705 ¹2¹²h⁸³d¹⁰w

244 3743 304 3812 tos,
326 3736 411 3816 quod
430 3736 554 3798 nonde
574 3737 667 3799 rebus
688 3738 787 3816 gestis
809 3739 933 3801 senatui
954 3740 1136 3818 scriberent,
1157 3742 1251 3821 quod·
