3106 4378
290 281 331 346 84
366 294 395 346 0.
419 294 577 347 suarem
598 297 827 361 russonum
850 301 900 350 nn
924 301 1014 351 vrrs
1037 301 1240 354 cassanum

231 544 235 552 Ι
327 465 374 528 At
387 467 421 526 in
439 474 539 528 semet
555 471 697 546 augendo
713 490 825 549 parcus
846 478 941 550 atque
963 472 1077 549 civilis,
1093 476 1295 553 praenomine
1310 481 1347 533 12

288 573 493 650 Imperatoris
504 575 667 650 abstinuit,
679 576 793 637 nimios
808 577 942 638 honores
957 579 1124 655 recusavit,
1136 581 1295 657 sponsalia
1306 601 1311 610 ·

514 679 598 740 filiae
621 680 820 759 natalemque
842 684 943 759 geniti
963 685 1088 762 nepotis
1112 684 1239 747 silentio
1260 707 1295 747 ac

287 756 459 879 3⁰:22&ss
515 790 638 846 tanturn
662 787 834 848 domestica
857 788 1007 865 religione
1031 791 1192 867 transegit.
1234 793 1296 853 Nc-

256 907 271 952 s
514 889 631 950 minem
652 891 796 951 exsulum
814 893 877 953 nisi
898 912 937 953 ex
960 900 1088 955 senatus
1108 898 1295 960 auctoritate

287 993 435 1055 restituit.
481 994 528 1053 Ut
548 992 609 1052 sibi
630 993 663 1053 in
680 994 798 1054 curiam
816 996 1009 1073 praefectum
1032 996 1181 1073 praetorii
1199 997 1294 1056 tribu-

287 1119 405 1178 nosque
420 1097 560 1158 militum
574 1117 678 1159 seeum
695 1098 841 1159 inducere
856 1099 975 1178 liceret,
991 1109 1088 1181 utque
1103 1111 1172 1166 rata
1190 1111 1295 1165 essent

287 1225 366 1284 quae
387 1209 603 1283 procuratores
625 1203 674 1263 sui
695 1203 729 1262 in
755 1203 923 1266 iudicando
950 1214 1134 1285 statuerent,
1156 1211 1296 1288 precario

288 1310 400 1388 exegit.
422 1293 499 1370 'Ius
514 1308 727 1369 nundinarum
741 1309 776 1368 in
790 1310 915 1388 privata
930 1313 1060 1389 praedia
1077 1318 1103 1373 a'
1115 1314 1295 1376 consulibus

242 1429 271 1475 ro
287 1417 376 1494 petit.
417 1414 656 1492 Cognitionibus
672 1418 914 1492 magistratuum
930 1423 966 1478 ut
979 1437 1060 1479 unus
1075 1437 1092 1478 e
1107 1419 1295 1479 consiliariis

180 1550 184 1558 =
287 1522 470 1600 frequenter
489 1519 653 1596 interfuit,
677 1522 802 1581 eosdem
820 1524 1000 1600 spectacula
1020 1524 1143 1585 edentis
1165 1543 1296 1602 surgens

288 1633 319 1687 et
340 1628 408 1705 ipse
430 1645 500 1686 oum
526 1632 630 1686 cetera
654 1627 749 1687 turba
769 1645 844 1686 voce
870 1646 906 1688 ac
930 1647 1026 1688 manu
1046 1637 1213 1690 veneratus
1238 1635 1295 1690 est.

289 1732 436 1793 Tribunis
461 1731 564 1810 plebis
589 1731 777 1792 adeuntibus
802 1751 835 1792 sc
860 1752 917 1810 pro
944 1734 1096 1794 tribunali
1124 1735 1296 1812 excusavit,
1410 1731 1412 1736 ’

288 1839 515 1917 quodpropter
534 1837 697 1912 angustias
715 1857 779 1896 non
799 1843 906 1915 posset
927 1839 1036 1898 audire
1057 1858 1109 1900 eos
1130 1840 1194 1901 nisi
1215 1845 1298 1901 stan-

243 1957 272 2002 15
288 1950 344 2003 tes.
387 1943 489 2014 Quare
513 1942 547 2001 in
571 1942 660 2003 brevi
689 1943 792 2021 spatio
820 1948 945 2003 tantum
973 1945 1087 2006 amoris
1115 1945 1299 2024 favorisque

289 2048 424 2126 collegit,
446 2053 482 2108 ut
507 2066 578 2108 cum
604 2048 780 2126 profectum
806 2055 878 2107 eu'm
904 2048 1026 2110 Ostiam
1051 2050 1170 2127 perisse
1193 2070 1232 2111 ex
1252 2052 1298 2110 in-

290 2154 379 2216 sidiis
394 2153 576 2214 nuntiatum
596 2159 689 2229 esset,
705 2172 820 2230 magna
837 2155 1088 2215 consternatione
1110 2155 1244 2234 populus
1266 2161 1298 2216 et

289 2260 424 2321 militem
445 2260 536 2339 quasi
557 2259 759 2338 proditorem,
778 2265 810 2319 et
831 2265 974 2320 senatum
996 2260 1086 2337 quasi
1108 2261 1297 2339 parricidam

289 2366 368 2428 diris
390 2365 640 2427 execrationibus
662 2365 817 2426 incessere
837 2384 901 2425 non
922 2370 995 2424 ante
1017 2365 1185 2440 destiterit,
1203 2384 1297 2443 quam

244 2482 274 2528 aa
289 2493 371 2533 unus
385 2478 479 2550 atqua
494 2472 575 2533 alter
589 2478 622 2532 et
636 2491 710 2531 mox
724 2470 840 2550 plures,
856 2489 876 2530 a
889 2470 1127 2545 magistratibus
1142 2471 1176 2530 in
1195 2476 1299 2531 rostra

289 2577 444 2658 producti,
460 2577 581 2638 salvum
597 2583 629 2637 et
644 2577 897 2655 appropinquare
912 2574 1112 2635 affirmarent.

329 2686 397 2745 Nec
411 2690 517 2745 tamen
531 2703 642 2762 expers
661 2682 848 2743 insidiarum
869 2698 1092 2758 usquequaque
1114 2683 1296 2758 permansit,
1311 2696 1349 2748 13
1538 2757 1539 2774 χ

291 2792 346 2851 sed
357 2783 391 2850 ‘et
406 2809 425 2850 a
439 2789 572 2866 singulis
587 2795 619 2850 et
632 2808 688 2867 per
707 2787 877 2848 factionem
895 2791 927 2846 et
949 2785 1083 2864 denique
1104 2787 1192 2847 civili
1213 2787 1297 2847 bello

515 2895 686 2955 infestatus
708 2899 763 2954 est.
808 2895 835 2952 E
856 2891 946 2970 plebe
966 2891 1061 2951 homo
1081 2897 1172 2951 nocte
1192 2893 1298 2953 media

289 2962 459 3022 conspiratores
516 2999 522 3012 .
693 3000 699 3013 .
858 2998 864 3010 .
1098 2997 1103 3008 .

243 3015 273 3061 at
289 3036 455 3096 againstnim
514 3006 604 3061 iuxta
631 2999 809 3061 cub1oulum
838 3017 905 3058 erus
935 3015 1005 3056 oum
1030 3015 1166 3074 pugione
1190 2998 1297 3077 depre

514 3107 632 3167 hensus
650 3111 716 3181 est,
738 3104 856 3184 reperti
871 3109 902 3164 et
920 3101 1075 3181 equestris
1094 3102 1213 3163 ordinis
1235 3104 1297 3163 duo

173 3241 176 3248 .
289 3211 323 3271 in
337 3211 462 3290 publico
479 3231 548 3272 oum
571 3212 683 3272 dolone
704 3229 740 3270 ac
754 3209 915 3272 venatorio
936 3208 1036 3268 cultro
1058 3209 1295 3287 praestolantes,

289 3318 369 3378 alter
394 3324 430 3378 ut
454 3337 611 3395 egressum
636 3317 771 3392 theatro,
793 3316 873 3376 alter
897 3321 933 3376 ut
959 3314 1184 3375 sacrificantem
1212 3316 1296 3392 apud

289 3424 404 3484 Martis
418 3424 525 3484 aedem
545 3423 734 3483 adoraretur.
777 3421 1045 3500 Conspiraverunt
1063 3426 1168 3480 autem
1186 3421 1295 3481 adres

244 3537 275 3585 ³0
289 3548 386 3590 novas
404 3528 516 3589 Gallus
534 3527 666 3589 Asinius
681 3532 714 3587 et
736 3525 883 3587 Statilius
904 3526 1068 3601 Corvinus,
1084 3525 1238 3586 Pollionis
1259 3545 1295 3586 ac

289 3634 444 3695 Messalae
468 3628 626 3695 oratorum
649 3637 788 3710 nepotes,
810 3630 982 3710 assumptis
1004 3630 1217 3709 compluribus
1239 3631 1295 3691 lib

247 3745 248 3749 ’
287 3741 365 3804 citis
391 3739 491 3819 ipsius
516 3745 610 3819 atque
635 3738 743 3800 servis.
786 3737 912 3798 Bellum
936 3736 1029 3797 civile
1055 3737 1155 3797 movit
1179 3739 1293 3799 Furius
