<?xml version="1.0" encoding="UTF-8"?>
<!DOCTYPE html PUBLIC "-//W3C//DTD XHTML 1.0 Transitional//EN"
    "http://www.w3.org/TR/xhtml1/DTD/xhtml1-transitional.dtd">
<html xmlns="http://www.w3.org/1999/xhtml" xml:lang="en" lang="en">
 <head>
  <title>
</title>
<meta http-equiv="Content-Type" content="text/html;charset=utf-8" />
  <meta name='ocr-system' content='tesseract 3.04.00' />
  <meta name='ocr-capabilities' content='ocr_page ocr_carea ocr_par ocr_line ocrx_word'/>
</head>
<body>
  <div class='ocr_page' id='page_1' title='image "./gaisuetonitranq01pikegoog_0056.png"; bbox 0 0 3078 4380; ppageno 0'>
   <div class='ocr_carea' id='block_1_1' title="bbox 288 280 1238 358">
    <p class='ocr_par' dir='ltr' id='par_1_1' title="bbox 288 280 1238 358">
     <span class='ocr_line' id='line_1_1' title="bbox 288 280 1238 358; baseline 0.002 -13"><span class='ocrx_word' id='word_1_1' title='bbox 288 280 330 345; x_wconf 80' lang='lat'><strong>24</strong></span> <span class='ocrx_word' id='word_1_2' title='bbox 364 292 396 346; x_wconf 88' lang='lat' dir='ltr'><strong>c.</strong></span> <span class='ocrx_word' id='word_1_3' title='bbox 420 292 576 344; x_wconf 84' lang='lat' dir='ltr'><strong>suuroru</strong></span> <span class='ocrx_word' id='word_1_4' title='bbox 597 293 826 358; x_wconf 73' lang='lat' dir='ltr'><strong>marcorum</strong></span> <span class='ocrx_word' id='word_1_5' title='bbox 847 293 898 346; x_wconf 85' lang='lat' dir='ltr'><strong>nn</strong></span> <span class='ocrx_word' id='word_1_6' title='bbox 921 295 1013 346; x_wconf 71' lang='lat' dir='ltr'><strong>vrrs</strong></span> <span class='ocrx_word' id='word_1_7' title='bbox 1036 295 1238 348; x_wconf 73' lang='lat' dir='ltr'><strong>causarum</strong></span> 
     </span>
    </p>
   </div>
   <div class='ocr_carea' id='block_1_2' title="bbox 213 445 1349 3805">
    <p class='ocr_par' dir='ltr' id='par_1_2' title="bbox 287 445 1294 865">
     <span class='ocr_line' id='line_1_2' title="bbox 287 445 1294 549; baseline 0.005 -23"><span class='ocrx_word' id='word_1_8' title='bbox 287 470 340 526; x_wconf 89' lang='lat' dir='ltr'><strong>tus</strong></span> <span class='ocrx_word' id='word_1_9' title='bbox 365 464 478 540; x_wconf 85' lang='lat' dir='ltr'><strong>insula,</strong></span> <span class='ocrx_word' id='word_1_10' title='bbox 504 466 587 543; x_wconf 90' lang='lat' dir='ltr'><strong>quod</strong></span> <span class='ocrx_word' id='word_1_11' title='bbox 610 485 674 526; x_wconf 93' lang='lat' dir='ltr'><strong>uno</strong></span> <span class='ocrx_word' id='word_1_12' title='bbox 701 485 860 545; x_wconf 86' lang='lat' dir='ltr'><strong>parvoque</strong></span> <span class='ocrx_word' id='word_1_13' title='bbox 888 466 981 528; x_wconf 88' lang='lat' dir='ltr'><strong>litore</strong></span> <span class='ocrx_word' id='word_1_14' title='bbox 1008 445 1158 544; x_wconf 74' lang='lat' dir='ltr'><strong>adiretur,</strong></span> <span class='ocrx_word' id='word_1_15' title='bbox 1184 477 1294 549; x_wconf 85' lang='lat' dir='ltr'><strong>saepta</strong></span> 
     </span>
     <span class='ocr_line' id='line_1_3' title="bbox 287 570 1294 654; baseline 0.007 -24"><span class='ocrx_word' id='word_1_16' title='bbox 287 570 427 648; x_wconf 88' lang='lat' dir='ltr'><strong>undique</strong></span> <span class='ocrx_word' id='word_1_17' title='bbox 446 571 625 649; x_wconf 82' lang='lat' dir='ltr'><strong>praeruptis</strong></span> <span class='ocrx_word' id='word_1_18' title='bbox 645 571 816 632; x_wconf 81' lang='lat' dir='ltr'><strong>immensae</strong></span> <span class='ocrx_word' id='word_1_19' title='bbox 836 572 1016 634; x_wconf 72' lang='lat' dir='ltr'><strong>altitudinis</strong></span> <span class='ocrx_word' id='word_1_20' title='bbox 1033 573 1165 652; x_wconf 86' lang='lat' dir='ltr'><strong>rupibus</strong></span> <span class='ocrx_word' id='word_1_21' title='bbox 1180 581 1213 635; x_wconf 92' lang='lat' dir='ltr'><strong>et</strong></span> <span class='ocrx_word' id='word_1_22' title='bbox 1226 597 1294 654; x_wconf 81' lang='lat' dir='ltr'><strong>pro</strong></span> 
     </span>
     <span class='ocr_line' id='line_1_4' title="bbox 288 676 1294 769; baseline 0.008 -33"><span class='ocrx_word' id='word_1_23' title='bbox 288 677 388 736; x_wconf 84' lang='lat' dir='ltr'><strong>frmdo</strong></span> <span class='ocrx_word' id='word_1_24' title='bbox 409 676 497 736; x_wconf 90' lang='lat' dir='ltr'><strong>mari.</strong></span> <span class='ocrx_word' id='word_1_25' title='bbox 542 676 718 755; x_wconf 78' lang='lat' dir='ltr'><strong>Statimque</strong></span> <span class='ocrx_word' id='word_1_26' title='bbox 741 684 908 769; x_wconf 81' lang='lat' dir='ltr'><strong>revocante</strong></span> <span class='ocrx_word' id='word_1_27' title='bbox 932 679 1062 740; x_wconf 86' lang='lat' dir='ltr'><strong>assidua</strong></span> <span class='ocrx_word' id='word_1_28' title='bbox 1085 680 1294 744; x_wconf 85' lang='lat' dir='ltr'><strong>obtestatione</strong></span> 
     </span>
     <span class='ocr_line' id='line_1_5' title="bbox 288 784 1294 865; baseline 0.004 -21"><span class='ocrx_word' id='word_1_29' title='bbox 288 784 405 863; x_wconf 92' lang='lat' dir='ltr'><strong>populo</strong></span> <span class='ocrx_word' id='word_1_30' title='bbox 425 790 554 863; x_wconf 90' lang='lat' dir='ltr'><strong>propter</strong></span> <span class='ocrx_word' id='word_1_31' title='bbox 574 785 783 862; x_wconf 75' lang='lat' dir='ltr'><strong>clademque</strong></span> <span class='ocrx_word' id='word_1_32' title='bbox 802 785 887 862; x_wconf 90' lang='lat' dir='ltr'><strong>apud</strong></span> <span class='ocrx_word' id='word_1_33' title='bbox 908 784 1045 846; x_wconf 80' lang='lat' dir='ltr'><strong>Fidenas</strong></span> <span class='ocrx_word' id='word_1_34' title='bbox 1067 806 1163 865; x_wconf 90' lang='lat' dir='ltr'><strong>supra</strong></span> <span class='ocrx_word' id='word_1_35' title='bbox 1178 788 1294 864; x_wconf 87' lang='lat' dir='ltr'><strong>viginti</strong></span> 
     </span>
    </p>

    <p class='ocr_par' dir='ltr' id='par_1_3' title="bbox 257 888 1296 1373">
     <span class='ocr_line' id='line_1_6' title="bbox 257 888 1296 970; baseline 0.003 -20"><span class='ocrx_word' id='word_1_36' title='bbox 257 889 451 950; x_wconf 74' lang='lat' dir='ltr'><strong>shominum</strong></span> <span class='ocrx_word' id='word_1_37' title='bbox 476 890 566 950; x_wconf 87' lang='lat' dir='ltr'><strong>milia</strong></span> <span class='ocrx_word' id='word_1_38' title='bbox 589 888 776 967; x_wconf 81' lang='lat' dir='ltr'><strong>gladiatorio</strong></span> <span class='ocrx_word' id='word_1_39' title='bbox 799 909 926 951; x_wconf 86' lang='lat' dir='ltr'><strong>munere</strong></span> <span class='ocrx_word' id='word_1_40' title='bbox 951 891 1179 970; x_wconf 84' lang='lat' dir='ltr'><strong>amphitheatri</strong></span> <span class='ocrx_word' id='word_1_41' title='bbox 1204 893 1296 954; x_wconf 87' lang='lat' dir='ltr'><strong>ruina</strong></span> 
     </span>
     <span class='ocr_line' id='line_1_7' title="bbox 288 995 1296 1075; baseline 0.004 -21"><span class='ocrx_word' id='word_1_42' title='bbox 288 996 457 1074; x_wconf 88' lang='lat' dir='ltr'><strong>perierant,</strong></span> <span class='ocrx_word' id='word_1_43' title='bbox 477 995 606 1056; x_wconf 87' lang='lat' dir='ltr'><strong>transiit</strong></span> <span class='ocrx_word' id='word_1_44' title='bbox 630 995 665 1055; x_wconf 94' lang='lat' dir='ltr'><strong>in</strong></span> <span class='ocrx_word' id='word_1_45' title='bbox 687 995 902 1056; x_wconf 88' lang='lat' dir='ltr'><strong>continentem</strong></span> <span class='ocrx_word' id='word_1_46' title='bbox 924 1003 1178 1075; x_wconf 83' lang='lat' dir='ltr'><strong>potestatemque</strong></span> <span class='ocrx_word' id='word_1_47' title='bbox 1199 999 1296 1058; x_wconf 92' lang='lat' dir='ltr'><strong>omni·</strong></span> 
     </span>
     <span class='ocr_line' id='line_1_8' title="bbox 288 1100 1295 1180; baseline 0.003 -19"><span class='ocrx_word' id='word_1_48' title='bbox 288 1101 347 1161; x_wconf 93' lang='lat' dir='ltr'><strong>bus</strong></span> <span class='ocrx_word' id='word_1_49' title='bbox 361 1100 499 1161; x_wconf 90' lang='lat' dir='ltr'><strong>adeundi</strong></span> <span class='ocrx_word' id='word_1_50' title='bbox 516 1101 566 1161; x_wconf 89' lang='lat' dir='ltr'><strong>sui</strong></span> <span class='ocrx_word' id='word_1_51' title='bbox 584 1100 679 1161; x_wconf 88' lang='lat' dir='ltr'><strong>fecit:</strong></span> <span class='ocrx_word' id='word_1_52' title='bbox 701 1105 791 1161; x_wconf 89' lang='lat' dir='ltr'><strong>tanto</strong></span> <span class='ocrx_word' id='word_1_53' title='bbox 809 1101 918 1177; x_wconf 84' lang='lat' dir='ltr'><strong>magis,</strong></span> <span class='ocrx_word' id='word_1_54' title='bbox 934 1102 1018 1180; x_wconf 91' lang='lat' dir='ltr'><strong>quod</strong></span> <span class='ocrx_word' id='word_1_55' title='bbox 1037 1102 1114 1163; x_wconf 92' lang='lat' dir='ltr'><strong>urbe</strong></span> <span class='ocrx_word' id='word_1_56' title='bbox 1132 1103 1295 1178; x_wconf 85' lang='lat' dir='ltr'><strong>egrediens</strong></span> 
     </span>
     <span class='ocr_line' id='line_1_9' title="bbox 288 1205 1295 1284; baseline 0.003 -18"><span class='ocrx_word' id='word_1_57' title='bbox 288 1226 328 1267; x_wconf 92' lang='lat' dir='ltr'><strong>ne</strong></span> <span class='ocrx_word' id='word_1_58' title='bbox 347 1206 402 1284; x_wconf 93' lang='lat' dir='ltr'><strong>qui</strong></span> <span class='ocrx_word' id='word_1_59' title='bbox 422 1225 454 1267; x_wconf 90' lang='lat' dir='ltr'><strong>se</strong></span> <span class='ocrx_word' id='word_1_60' title='bbox 475 1205 693 1284; x_wconf 80' lang='lat' dir='ltr'><strong>interpellaret</strong></span> <span class='ocrx_word' id='word_1_61' title='bbox 714 1205 856 1266; x_wconf 83' lang='lat' dir='ltr'><strong>edixerat</strong></span> <span class='ocrx_word' id='word_1_62' title='bbox 874 1225 910 1267; x_wconf 89' lang='lat' dir='ltr'><strong>ac</strong></span> <span class='ocrx_word' id='word_1_63' title='bbox 929 1212 997 1267; x_wconf 89' lang='lat' dir='ltr'><strong>toto</strong></span> <span class='ocrx_word' id='word_1_64' title='bbox 1015 1207 1129 1267; x_wconf 90' lang='lat' dir='ltr'><strong>itinere</strong></span> <span class='ocrx_word' id='word_1_65' title='bbox 1148 1209 1295 1270; x_wconf 84' lang='lat' dir='ltr'><strong>adeuntis</strong></span> 
     </span>
     <span class='ocr_line' id='line_1_10' title="bbox 289 1314 497 1373; baseline 0 -1"><span class='ocrx_word' id='word_1_66' title='bbox 289 1314 497 1373; x_wconf 87' lang='lat' dir='ltr'><strong>submoverat.</strong></span> 
     </span>
    </p>

    <p class='ocr_par' dir='ltr' id='par_1_4' title="bbox 236 1417 1347 1707">
     <span class='ocr_line' id='line_1_11' title="bbox 236 1417 1347 1497; baseline 0.005 -22"><span class='ocrx_word' id='word_1_67' title='bbox 236 1431 273 1476; x_wconf 75' lang='lat'><strong>›10</strong></span> <span class='ocrx_word' id='word_1_68' title='bbox 329 1419 503 1493; x_wconf 86' lang='lat' dir='ltr'><strong>Regressus</strong></span> <span class='ocrx_word' id='word_1_69' title='bbox 518 1417 551 1476; x_wconf 89' lang='lat' dir='ltr'><strong>in</strong></span> <span class='ocrx_word' id='word_1_70' title='bbox 562 1417 708 1495; x_wconf 88' lang='lat' dir='ltr'><strong>insulam,</strong></span> <span class='ocrx_word' id='word_1_71' title='bbox 720 1418 766 1477; x_wconf 90' lang='lat' dir='ltr'><strong>rei</strong></span> <span class='ocrx_word' id='word_1_72' title='bbox 780 1417 924 1496; x_wconf 89' lang='lat' dir='ltr'><strong>publicae</strong></span> <span class='ocrx_word' id='word_1_73' title='bbox 939 1419 1067 1496; x_wconf 91' lang='lat' dir='ltr'><strong>quidem</strong></span> <span class='ocrx_word' id='word_1_74' title='bbox 1077 1437 1184 1479; x_wconf 88' lang='lat' dir='ltr'><strong>curam</strong></span> <span class='ocrx_word' id='word_1_75' title='bbox 1195 1438 1296 1497; x_wconf 89' lang='lat' dir='ltr'><strong>usque</strong></span> <span class='ocrx_word' id='word_1_76' title='bbox 1310 1429 1347 1480; x_wconf 82' lang='lat'><strong>41</strong></span> 
     </span>
     <span class='ocr_line' id='line_1_12' title="bbox 289 1522 1295 1602; baseline 0.002 -20"><span class='ocrx_word' id='word_1_77' title='bbox 289 1524 367 1582; x_wconf 90' lang='lat' dir='ltr'><strong>adeo</strong></span> <span class='ocrx_word' id='word_1_78' title='bbox 391 1522 514 1598; x_wconf 87' lang='lat' dir='ltr'><strong>abiecit,</strong></span> <span class='ocrx_word' id='word_1_79' title='bbox 535 1528 572 1582; x_wconf 91' lang='lat' dir='ltr'><strong>ut</strong></span> <span class='ocrx_word' id='word_1_80' title='bbox 596 1528 706 1601; x_wconf 89' lang='lat' dir='ltr'><strong>postea</strong></span> <span class='ocrx_word' id='word_1_81' title='bbox 728 1542 791 1582; x_wconf 89' lang='lat' dir='ltr'><strong>non</strong></span> <span class='ocrx_word' id='word_1_82' title='bbox 816 1523 959 1584; x_wconf 87' lang='lat' dir='ltr'><strong>decurias</strong></span> <span class='ocrx_word' id='word_1_83' title='bbox 979 1524 1122 1600; x_wconf 89' lang='lat' dir='ltr'><strong>equitum</strong></span> <span class='ocrx_word' id='word_1_84' title='bbox 1146 1543 1295 1602; x_wconf 89' lang='lat' dir='ltr'><strong>umquam</strong></span> 
     </span>
     <span class='ocr_line' id='line_1_13' title="bbox 290 1626 1297 1707; baseline 0 -19"><span class='ocrx_word' id='word_1_85' title='bbox 290 1627 455 1706; x_wconf 89' lang='lat' dir='ltr'><strong>supplerit,</strong></span> <span class='ocrx_word' id='word_1_86' title='bbox 470 1646 534 1687; x_wconf 91' lang='lat' dir='ltr'><strong>non</strong></span> <span class='ocrx_word' id='word_1_87' title='bbox 551 1627 695 1688; x_wconf 90' lang='lat' dir='ltr'><strong>tribunos</strong></span> <span class='ocrx_word' id='word_1_88' title='bbox 716 1626 856 1686; x_wconf 90' lang='lat' dir='ltr'><strong>militum</strong></span> <span class='ocrx_word' id='word_1_89' title='bbox 877 1628 1125 1705; x_wconf 82' lang='lat' dir='ltr'><strong>praefectosque,</strong></span> <span class='ocrx_word' id='word_1_90' title='bbox 1141 1647 1204 1688; x_wconf 91' lang='lat' dir='ltr'><strong>non</strong></span> <span class='ocrx_word' id='word_1_91' title='bbox 1229 1647 1297 1707; x_wconf 92' lang='lat' dir='ltr'><strong>pro-</strong></span> 
     </span>
    </p>

    <p class='ocr_par' dir='ltr' id='par_1_5' title="bbox 516 1732 1298 1811">
     <span class='ocr_line' id='line_1_14' title="bbox 516 1732 1298 1811; baseline 0.001 -19"><span class='ocrx_word' id='word_1_92' title='bbox 516 1733 690 1792; x_wconf 78' lang='lat' dir='ltr'><strong>vinciarum</strong></span> <span class='ocrx_word' id='word_1_93' title='bbox 705 1732 865 1810; x_wconf 88' lang='lat' dir='ltr'><strong>praesides</strong></span> <span class='ocrx_word' id='word_1_94' title='bbox 882 1732 965 1792; x_wconf 90' lang='lat' dir='ltr'><strong>ullos</strong></span> <span class='ocrx_word' id='word_1_95' title='bbox 987 1733 1166 1809; x_wconf 88' lang='lat' dir='ltr'><strong>mutaverit,</strong></span> <span class='ocrx_word' id='word_1_96' title='bbox 1182 1733 1298 1811; x_wconf 86' lang='lat' dir='ltr'><strong>Hispa-</strong></span> 
     </span>
    </p>

    <p class='ocr_par' dir='ltr' id='par_1_6' title="bbox 213 1836 1349 3805">
     <span class='ocr_line' id='line_1_15' title="bbox 516 1836 1296 1915; baseline 0.003 -19"><span class='ocrx_word' id='word_1_97' title='bbox 516 1836 602 1896; x_wconf 89' lang='lat' dir='ltr'><strong>niam</strong></span> <span class='ocrx_word' id='word_1_98' title='bbox 632 1841 664 1896; x_wconf 91' lang='lat' dir='ltr'><strong>et</strong></span> <span class='ocrx_word' id='word_1_99' title='bbox 699 1836 823 1914; x_wconf 84' lang='lat' dir='ltr'><strong>Syriam</strong></span> <span class='ocrx_word' id='word_1_100' title='bbox 857 1855 913 1915; x_wconf 89' lang='lat' dir='ltr'><strong>per</strong></span> <span class='ocrx_word' id='word_1_101' title='bbox 942 1837 1063 1914; x_wconf 87' lang='lat' dir='ltr'><strong>aliquot</strong></span> <span class='ocrx_word' id='word_1_102' title='bbox 1096 1855 1194 1897; x_wconf 87' lang='lat' dir='ltr'><strong>annos</strong></span> <span class='ocrx_word' id='word_1_103' title='bbox 1229 1839 1296 1898; x_wconf 88' lang='lat' dir='ltr'><strong>siue</strong></span> 
     </span>
     <span class='ocr_line' id='line_1_16' title="bbox 246 1940 1297 2017; baseline -0.003 -11"><span class='ocrx_word' id='word_1_104' title='bbox 246 1954 275 1999; x_wconf 78' lang='lat'><strong>15</strong></span> <span class='ocrx_word' id='word_1_105' title='bbox 290 1942 506 2008; x_wconf 88' lang='lat' dir='ltr'><strong>consularibus</strong></span> <span class='ocrx_word' id='word_1_106' title='bbox 525 1941 639 2017; x_wconf 86' lang='lat' dir='ltr'><strong>legatis</strong></span> <span class='ocrx_word' id='word_1_107' title='bbox 658 1940 812 2016; x_wconf 88' lang='lat' dir='ltr'><strong>habuerit,</strong></span> <span class='ocrx_word' id='word_1_108' title='bbox 825 1941 1008 2000; x_wconf 89' lang='lat' dir='ltr'><strong>Armeniam</strong></span> <span class='ocrx_word' id='word_1_109' title='bbox 1027 1960 1047 2002; x_wconf 89' lang='lat' dir='ltr'><strong>a</strong></span> <span class='ocrx_word' id='word_1_110' title='bbox 1064 1942 1194 2003; x_wconf 90' lang='lat' dir='ltr'><strong>Parthis</strong></span> <span class='ocrx_word' id='word_1_111' title='bbox 1211 1961 1297 2003; x_wconf 91' lang='lat' dir='ltr'><strong>occu-</strong></span> 
     </span>
     <span class='ocr_line' id='line_1_17' title="bbox 291 2045 1296 2130; baseline -0.004 -18"><span class='ocrx_word' id='word_1_112' title='bbox 291 2050 368 2130; x_wconf 87' lang='lat' dir='ltr'><strong>pari,</strong></span> <span class='ocrx_word' id='word_1_113' title='bbox 384 2049 538 2109; x_wconf 86' lang='lat' dir='ltr'><strong>Moesiam</strong></span> <span class='ocrx_word' id='word_1_114' title='bbox 559 2066 578 2107; x_wconf 89' lang='lat' dir='ltr'><strong>a</strong></span> <span class='ocrx_word' id='word_1_115' title='bbox 598 2046 693 2107; x_wconf 87' lang='lat' dir='ltr'><strong>Dacis</strong></span> <span class='ocrx_word' id='word_1_116' title='bbox 715 2045 938 2124; x_wconf 87' lang='lat' dir='ltr'><strong>Sarmatisque,</strong></span> <span class='ocrx_word' id='word_1_117' title='bbox 954 2046 1077 2106; x_wconf 84' lang='lat' dir='ltr'><strong>Gallias</strong></span> <span class='ocrx_word' id='word_1_118' title='bbox 1093 2065 1112 2106; x_wconf 91' lang='lat' dir='ltr'><strong>a</strong></span> <span class='ocrx_word' id='word_1_119' title='bbox 1130 2048 1296 2108; x_wconf 84' lang='lat' dir='ltr'><strong>Germanis</strong></span> 
     </span>
     <span class='ocr_line' id='line_1_18' title="bbox 291 2150 1296 2230; baseline -0.004 -14"><span class='ocrx_word' id='word_1_120' title='bbox 291 2155 409 2216; x_wconf 86' lang='lat' dir='ltr'><strong>vastari</strong></span> <span class='ocrx_word' id='word_1_121' title='bbox 430 2151 612 2228; x_wconf 85' lang='lat' dir='ltr'><strong>neglexerit,</strong></span> <span class='ocrx_word' id='word_1_122' title='bbox 639 2170 752 2228; x_wconf 87' lang='lat' dir='ltr'><strong>magno</strong></span> <span class='ocrx_word' id='word_1_123' title='bbox 773 2150 923 2211; x_wconf 89' lang='lat' dir='ltr'><strong>dedecore</strong></span> <span class='ocrx_word' id='word_1_124' title='bbox 951 2151 1077 2230; x_wconf 90' lang='lat' dir='ltr'><strong>imperii</strong></span> <span class='ocrx_word' id='word_1_125' title='bbox 1097 2171 1155 2212; x_wconf 91' lang='lat' dir='ltr'><strong>nec</strong></span> <span class='ocrx_word' id='word_1_126' title='bbox 1176 2153 1296 2212; x_wconf 90' lang='lat' dir='ltr'><strong>minore</strong></span> 
     </span>
     <span class='ocr_line' id='line_1_19' title="bbox 291 2255 1349 2334; baseline -0.002 -13"><span class='ocrx_word' id='word_1_127' title='bbox 291 2259 480 2321; x_wconf 80' lang='lat' dir='ltr'><strong>discrimine.</strong></span> <span class='ocrx_word' id='word_1_128' title='bbox 523 2257 669 2317; x_wconf 84' lang='lat' dir='ltr'><strong>Ceterum</strong></span> <span class='ocrx_word' id='word_1_129' title='bbox 690 2256 802 2316; x_wconf 83' lang='lat' dir='ltr'><strong>secreti</strong></span> <span class='ocrx_word' id='word_1_130' title='bbox 821 2255 984 2316; x_wconf 88' lang='lat' dir='ltr'><strong>licentiam</strong></span> <span class='ocrx_word' id='word_1_131' title='bbox 1003 2262 1137 2317; x_wconf 90' lang='lat' dir='ltr'><strong>nanctus</strong></span> <span class='ocrx_word' id='word_1_132' title='bbox 1156 2263 1188 2318; x_wconf 91' lang='lat' dir='ltr'><strong>et</strong></span> <span class='ocrx_word' id='word_1_133' title='bbox 1206 2258 1297 2334; x_wconf 89' lang='lat' dir='ltr'><strong>quasi</strong></span> <span class='ocrx_word' id='word_1_134' title='bbox 1310 2268 1349 2320; x_wconf 79' lang='lat'><strong>42</strong></span> 
     </span>
     <span class='ocr_line' id='line_1_20' title="bbox 291 2361 1298 2437; baseline -0.004 -10"><span class='ocrx_word' id='word_1_135' title='bbox 291 2364 431 2427; x_wconf 78' lang='lat' dir='ltr'><strong>civitatis</strong></span> <span class='ocrx_word' id='word_1_136' title='bbox 446 2363 546 2424; x_wconf 92' lang='lat' dir='ltr'><strong>oculis</strong></span> <span class='ocrx_word' id='word_1_137' title='bbox 561 2368 707 2437; x_wconf 89' lang='lat' dir='ltr'><strong>remotus,</strong></span> <span class='ocrx_word' id='word_1_138' title='bbox 718 2368 832 2422; x_wconf 89' lang='lat' dir='ltr'><strong>cuncta</strong></span> <span class='ocrx_word' id='word_1_139' title='bbox 846 2361 941 2421; x_wconf 90' lang='lat' dir='ltr'><strong>simul</strong></span> <span class='ocrx_word' id='word_1_140' title='bbox 953 2361 1033 2421; x_wconf 86' lang='lat' dir='ltr'><strong>vitia</strong></span> <span class='ocrx_word' id='word_1_141' title='bbox 1046 2361 1127 2422; x_wconf 88' lang='lat' dir='ltr'><strong>male</strong></span> <span class='ocrx_word' id='word_1_142' title='bbox 1140 2363 1194 2422; x_wconf 89' lang='lat' dir='ltr'><strong>diu</strong></span> <span class='ocrx_word' id='word_1_143' title='bbox 1208 2362 1298 2423; x_wconf 91' lang='lat' dir='ltr'><strong>dissi·</strong></span> 
     </span>
     <span class='ocr_line' id='line_1_21' title="bbox 246 2466 1298 2545; baseline 0.004 -23"><span class='ocrx_word' id='word_1_144' title='bbox 246 2477 276 2522; x_wconf 81' lang='lat' dir='ltr'><strong>ac</strong></span> <span class='ocrx_word' id='word_1_145' title='bbox 517 2466 638 2528; x_wconf 89' lang='lat' dir='ltr'><strong>mulata</strong></span> <span class='ocrx_word' id='word_1_146' title='bbox 651 2467 780 2526; x_wconf 85' lang='lat' dir='ltr'><strong>tandem</strong></span> <span class='ocrx_word' id='word_1_147' title='bbox 794 2467 950 2544; x_wconf 85' lang='lat' dir='ltr'><strong>profudit:</strong></span> <span class='ocrx_word' id='word_1_148' title='bbox 973 2467 1012 2526; x_wconf 89' lang='lat' dir='ltr'><strong>de</strong></span> <span class='ocrx_word' id='word_1_149' title='bbox 1027 2466 1141 2545; x_wconf 91' lang='lat' dir='ltr'><strong>quibus</strong></span> <span class='ocrx_word' id='word_1_150' title='bbox 1160 2467 1298 2545; x_wconf 81' lang='lat' dir='ltr'><strong>singilla-</strong></span> 
     </span>
     <span class='ocr_line' id='line_1_22' title="bbox 291 2551 1297 2671; baseline 0 -39"><span class='ocrx_word' id='word_1_151' title='bbox 291 2551 456 2671; x_wconf 49' lang='lat' dir='ltr'><strong>31&amp;me</strong></span> <span class='ocrx_word' id='word_1_152' title='bbox 518 2571 576 2632; x_wconf 89' lang='lat' dir='ltr'><strong>tim</strong></span> <span class='ocrx_word' id='word_1_153' title='bbox 591 2572 631 2632; x_wconf 92' lang='lat' dir='ltr'><strong>ab</strong></span> <span class='ocrx_word' id='word_1_154' title='bbox 642 2571 770 2631; x_wconf 88' lang='lat' dir='ltr'><strong>exordio</strong></span> <span class='ocrx_word' id='word_1_155' title='bbox 780 2572 944 2636; x_wconf 61' lang='lat' dir='ltr'><strong>referaml,</strong></span> <span class='ocrx_word' id='word_1_156' title='bbox 960 2572 1120 2632; x_wconf 89' lang='lat' dir='ltr'><strong>Incastris</strong></span> <span class='ocrx_word' id='word_1_157' title='bbox 1131 2573 1192 2632; x_wconf 89' lang='lat' dir='ltr'><strong>tiro</strong></span> <span class='ocrx_word' id='word_1_158' title='bbox 1202 2572 1297 2633; x_wconf 89' lang='lat' dir='ltr'><strong>etiam</strong></span> 
     </span>
     <span class='ocr_line' id='line_1_23' title="bbox 518 2676 1297 2756; baseline 0.001 -20"><span class='ocrx_word' id='word_1_159' title='bbox 518 2683 587 2736; x_wconf 90' lang='lat' dir='ltr'><strong>tum</strong></span> <span class='ocrx_word' id='word_1_160' title='bbox 614 2681 742 2754; x_wconf 87' lang='lat' dir='ltr'><strong>propter</strong></span> <span class='ocrx_word' id='word_1_161' title='bbox 772 2676 902 2737; x_wconf 90' lang='lat' dir='ltr'><strong>nimiam</strong></span> <span class='ocrx_word' id='word_1_162' title='bbox 926 2676 995 2735; x_wconf 89' lang='lat' dir='ltr'><strong>vini</strong></span> <span class='ocrx_word' id='word_1_163' title='bbox 1025 2676 1213 2737; x_wconf 87' lang='lat' dir='ltr'><strong>aviditatem</strong></span> <span class='ocrx_word' id='word_1_164' title='bbox 1240 2697 1297 2756; x_wconf 90' lang='lat' dir='ltr'><strong>pro</strong></span> 
     </span>
     <span class='ocr_line' id='line_1_24' title="bbox 293 2781 1299 2860; baseline 0 -18"><span class='ocrx_word' id='word_1_165' title='bbox 293 2782 418 2843; x_wconf 81' lang='lat' dir='ltr'><strong>Tiberio</strong></span> <span class='ocrx_word' id='word_1_166' title='bbox 427 2784 578 2858; x_wconf 70' lang='lat' dir='ltr'><strong>Rider-ica,</strong></span> <span class='ocrx_word' id='word_1_167' title='bbox 586 2800 643 2860; x_wconf 88' lang='lat' dir='ltr'><strong>pro</strong></span> <span class='ocrx_word' id='word_1_168' title='bbox 654 2781 786 2842; x_wconf 81' lang='lat' dir='ltr'><strong>Claudio</strong></span> <span class='ocrx_word' id='word_1_169' title='bbox 798 2782 932 2857; x_wconf 73' lang='lat' dir='ltr'><strong>Cnidius,</strong></span> <span class='ocrx_word' id='word_1_170' title='bbox 943 2801 1001 2860; x_wconf 92' lang='lat' dir='ltr'><strong>pro</strong></span> <span class='ocrx_word' id='word_1_171' title='bbox 1011 2781 1138 2841; x_wconf 86' lang='lat' dir='ltr'><strong>Nerone</strong></span> <span class='ocrx_word' id='word_1_172' title='bbox 1150 2785 1237 2843; x_wconf 85' lang='lat' dir='ltr'><strong>Mero</strong></span> <span class='ocrx_word' id='word_1_173' title='bbox 1248 2802 1299 2842; x_wconf 76' lang='lat' dir='ltr'><strong>vc</strong></span> 
     </span>
     <span class='ocr_line' id='line_1_25' title="bbox 292 2885 1310 2970; baseline 0 -24"><span class='ocrx_word' id='word_1_174' title='bbox 292 2888 428 2948; x_wconf 88' lang='lat' dir='ltr'><strong>cabatur.</strong></span> <span class='ocrx_word' id='word_1_175' title='bbox 471 2888 586 2947; x_wconf 89' lang='lat' dir='ltr'><strong>Postea</strong></span> <span class='ocrx_word' id='word_1_176' title='bbox 599 2885 744 2965; x_wconf 88' lang='lat' dir='ltr'><strong>princeps</strong></span> <span class='ocrx_word' id='word_1_177' title='bbox 759 2885 793 2945; x_wconf 89' lang='lat' dir='ltr'><strong>in</strong></span> <span class='ocrx_word' id='word_1_178' title='bbox 808 2886 878 2965; x_wconf 86' lang='lat' dir='ltr'><strong>ipsa</strong></span> <span class='ocrx_word' id='word_1_179' title='bbox 891 2886 1086 2965; x_wconf 90' lang='lat' dir='ltr'><strong>publicorum</strong></span> <span class='ocrx_word' id='word_1_180' title='bbox 1102 2906 1224 2947; x_wconf 90' lang='lat' dir='ltr'><strong>morum</strong></span> <span class='ocrx_word' id='word_1_181' title='bbox 1235 2906 1310 2970; x_wconf 87' lang='lat' dir='ltr'><strong>cor·¹</strong></span> 
     </span>
     <span class='ocr_line' id='line_1_26' title="bbox 247 2991 1296 3070; baseline 0.003 -20"><span class='ocrx_word' id='word_1_182' title='bbox 247 2992 430 3053; x_wconf 71' lang='lat' dir='ltr'><strong>arrectiora</strong></span> <span class='ocrx_word' id='word_1_183' title='bbox 457 3011 527 3052; x_wconf 92' lang='lat' dir='ltr'><strong>cum</strong></span> <span class='ocrx_word' id='word_1_184' title='bbox 560 2991 734 3070; x_wconf 90' lang='lat' dir='ltr'><strong>Pomponio</strong></span> <span class='ocrx_word' id='word_1_185' title='bbox 765 2991 878 3052; x_wconf 86' lang='lat' dir='ltr'><strong>Flacco</strong></span> <span class='ocrx_word' id='word_1_186' title='bbox 905 2998 937 3052; x_wconf 92' lang='lat' dir='ltr'><strong>et</strong></span> <span class='ocrx_word' id='word_1_187' title='bbox 965 2993 1001 3051; x_wconf 89' lang='lat' dir='ltr'><strong>L.</strong></span> <span class='ocrx_word' id='word_1_188' title='bbox 1030 2991 1146 3052; x_wconf 88' lang='lat' dir='ltr'><strong>Pisone</strong></span> <span class='ocrx_word' id='word_1_189' title='bbox 1174 2999 1296 3053; x_wconf 90' lang='lat' dir='ltr'><strong>noctem</strong></span> 
     </span>
     <span class='ocr_line' id='line_1_27' title="bbox 292 3096 1297 3177; baseline 0.001 -19"><span class='ocrx_word' id='word_1_190' title='bbox 292 3097 537 3174; x_wconf 89' lang='lat' dir='ltr'><strong>continuumque</strong></span> <span class='ocrx_word' id='word_1_191' title='bbox 556 3096 687 3157; x_wconf 92' lang='lat' dir='ltr'><strong>biduum</strong></span> <span class='ocrx_word' id='word_1_192' title='bbox 704 3097 859 3175; x_wconf 87' lang='lat' dir='ltr'><strong>epulando</strong></span> <span class='ocrx_word' id='word_1_193' title='bbox 875 3097 1074 3175; x_wconf 91' lang='lat' dir='ltr'><strong>potandoque</strong></span> <span class='ocrx_word' id='word_1_194' title='bbox 1094 3098 1297 3177; x_wconf 88' lang='lat' dir='ltr'><strong>consumpsit,</strong></span> 
     </span>
     <span class='ocr_line' id='line_1_28' title="bbox 293 3201 1298 3280; baseline 0.001 -18"><span class='ocrx_word' id='word_1_195' title='bbox 293 3221 424 3280; x_wconf 91' lang='lat' dir='ltr'><strong>quorum</strong></span> <span class='ocrx_word' id='word_1_196' title='bbox 449 3201 540 3262; x_wconf 87' lang='lat' dir='ltr'><strong>alteri</strong></span> <span class='ocrx_word' id='word_1_197' title='bbox 569 3202 693 3280; x_wconf 81' lang='lat' dir='ltr'><strong>Syriam</strong></span> <span class='ocrx_word' id='word_1_198' title='bbox 721 3201 924 3280; x_wconf 88' lang='lat' dir='ltr'><strong>provinciam,</strong></span> <span class='ocrx_word' id='word_1_199' title='bbox 949 3201 1042 3262; x_wconf 89' lang='lat' dir='ltr'><strong>alteri</strong></span> <span class='ocrx_word' id='word_1_200' title='bbox 1065 3203 1298 3280; x_wconf 82' lang='lat' dir='ltr'><strong>praefecturam</strong></span> 
     </span>
     <span class='ocr_line' id='line_1_29' title="bbox 292 3306 1298 3384; baseline 0.002 -18"><span class='ocrx_word' id='word_1_201' title='bbox 292 3306 379 3368; x_wconf 92' lang='lat' dir='ltr'><strong>urbis</strong></span> <span class='ocrx_word' id='word_1_202' title='bbox 400 3307 567 3368; x_wconf 84' lang='lat' dir='ltr'><strong>confestim</strong></span> <span class='ocrx_word' id='word_1_203' title='bbox 589 3307 713 3383; x_wconf 89' lang='lat' dir='ltr'><strong>detulit,</strong></span> <span class='ocrx_word' id='word_1_204' title='bbox 735 3306 889 3367; x_wconf 89' lang='lat' dir='ltr'><strong>codicillis</strong></span> <span class='ocrx_word' id='word_1_205' title='bbox 910 3325 1034 3384; x_wconf 90' lang='lat' dir='ltr'><strong>quoque</strong></span> <span class='ocrx_word' id='word_1_206' title='bbox 1054 3307 1298 3368; x_wconf 89' lang='lat' dir='ltr'><strong>iucundissimos</strong></span> 
     </span>
     <span class='ocr_line' id='line_1_30' title="bbox 293 3412 1297 3490; baseline 0.001 -17"><span class='ocrx_word' id='word_1_207' title='bbox 293 3419 325 3473; x_wconf 91' lang='lat' dir='ltr'><strong>et</strong></span> <span class='ocrx_word' id='word_1_208' title='bbox 352 3412 491 3472; x_wconf 89' lang='lat' dir='ltr'><strong>omnium</strong></span> <span class='ocrx_word' id='word_1_209' title='bbox 519 3413 667 3472; x_wconf 88' lang='lat' dir='ltr'><strong>horarum</strong></span> <span class='ocrx_word' id='word_1_210' title='bbox 694 3412 809 3472; x_wconf 89' lang='lat' dir='ltr'><strong>amicos</strong></span> <span class='ocrx_word' id='word_1_211' title='bbox 838 3413 1008 3490; x_wconf 79' lang='lat' dir='ltr'><strong>professus</strong></span> <span class='ocrx_word' id='word_1_212' title='bbox 1063 3413 1166 3476; x_wconf 88' lang='lat' dir='ltr'><strong>Sestio</strong></span> <span class='ocrx_word' id='word_1_213' title='bbox 1195 3412 1297 3490; x_wconf 86' lang='lat' dir='ltr'><strong>Gallo,</strong></span> 
     </span>
     <span class='ocr_line' id='line_1_31' title="bbox 213 3516 1299 3596; baseline 0.001 -18"><span class='ocrx_word' id='word_1_214' title='bbox 213 3517 216 3523; x_wconf 81' lang='lat'>&#39;</span> <span class='ocrx_word' id='word_1_215' title='bbox 248 3533 277 3578; x_wconf 81' lang='lat' dir='ltr'><strong>ac</strong></span> <span class='ocrx_word' id='word_1_216' title='bbox 293 3517 463 3579; x_wconf 90' lang='lat' dir='ltr'><strong>libidinoso</strong></span> <span class='ocrx_word' id='word_1_217' title='bbox 477 3537 511 3578; x_wconf 87' lang='lat' dir='ltr'><strong>ac</strong></span> <span class='ocrx_word' id='word_1_218' title='bbox 526 3518 656 3596; x_wconf 84' lang='lat' dir='ltr'><strong>prodigo</strong></span> <span class='ocrx_word' id='word_1_219' title='bbox 671 3517 747 3593; x_wconf 90' lang='lat' dir='ltr'><strong>seni,</strong></span> <span class='ocrx_word' id='word_1_220' title='bbox 760 3517 835 3576; x_wconf 90' lang='lat' dir='ltr'><strong>olim</strong></span> <span class='ocrx_word' id='word_1_221' title='bbox 850 3517 1046 3594; x_wconf 85' lang='lat' dir='ltr'><strong>abAugusto</strong></span> <span class='ocrx_word' id='word_1_222' title='bbox 1060 3516 1299 3595; x_wconf 78' lang='lat' dir='ltr'><strong>ignominiane</strong></span> 
     </span>
     <span class='ocr_line' id='line_1_32' title="bbox 293 3622 1297 3701; baseline 0 -17"><span class='ocrx_word' id='word_1_223' title='bbox 293 3629 360 3684; x_wconf 88' lang='lat' dir='ltr'><strong>tato</strong></span> <span class='ocrx_word' id='word_1_224' title='bbox 381 3629 413 3684; x_wconf 90' lang='lat' dir='ltr'><strong>et</strong></span> <span class='ocrx_word' id='word_1_225' title='bbox 437 3643 457 3684; x_wconf 89' lang='lat' dir='ltr'><strong>a</strong></span> <span class='ocrx_word' id='word_1_226' title='bbox 478 3642 511 3684; x_wconf 92' lang='lat' dir='ltr'><strong>se</strong></span> <span class='ocrx_word' id='word_1_227' title='bbox 535 3629 609 3683; x_wconf 89' lang='lat' dir='ltr'><strong>ante</strong></span> <span class='ocrx_word' id='word_1_228' title='bbox 631 3641 747 3701; x_wconf 89' lang='lat' dir='ltr'><strong>paucos</strong></span> <span class='ocrx_word' id='word_1_229' title='bbox 770 3622 837 3683; x_wconf 91' lang='lat' dir='ltr'><strong>dies</strong></span> <span class='ocrx_word' id='word_1_230' title='bbox 860 3622 945 3700; x_wconf 86' lang='lat' dir='ltr'><strong>apud</strong></span> <span class='ocrx_word' id='word_1_231' title='bbox 968 3629 1110 3683; x_wconf 88' lang='lat' dir='ltr'><strong>senatu&#39;m</strong></span> <span class='ocrx_word' id='word_1_232' title='bbox 1133 3622 1297 3701; x_wconf 88' lang='lat' dir='ltr'><strong>increpito,</strong></span> 
     </span>
     <span class='ocr_line' id='line_1_33' title="bbox 293 3721 1300 3805; baseline -0.002 -15"><span class='ocrx_word' id='word_1_233' title='bbox 293 3746 401 3790; x_wconf 88' lang='lat' dir='ltr'><strong>cenam</strong></span> <span class='ocrx_word' id='word_1_234' title='bbox 421 3747 459 3788; x_wconf 90' lang='lat' dir='ltr'><strong>ea</strong></span> <span class='ocrx_word' id='word_1_235' title='bbox 477 3727 547 3804; x_wconf 85' lang='lat' dir='ltr'><strong>lege</strong></span> <span class='ocrx_word' id='word_1_236' title='bbox 564 3726 717 3804; x_wconf 83' lang='lat' dir='ltr'><strong>condixit,</strong></span> <span class='ocrx_word' id='word_1_237' title='bbox 732 3745 771 3786; x_wconf 91' lang='lat' dir='ltr'><strong>ne</strong></span> <span class='ocrx_word' id='word_1_238' title='bbox 788 3726 867 3805; x_wconf 91' lang='lat' dir='ltr'><strong>quid</strong></span> <span class='ocrx_word' id='word_1_239' title='bbox 885 3745 925 3786; x_wconf 85' lang='lat' dir='ltr'><strong>ex</strong></span> <span class='ocrx_word' id='word_1_240' title='bbox 943 3726 1168 3787; x_wconf 88' lang='lat' dir='ltr'><strong>consuetudine</strong></span> <span class='ocrx_word' id='word_1_241' title='bbox 1189 3721 1300 3788; x_wconf 87' lang='lat' dir='ltr'><strong>immu-</strong></span> 
     </span>
    </p>
   </div>
   <div class='ocr_carea' id='block_1_3' title="bbox 290 1797 400 1856">
    <p class='ocr_par' dir='ltr' id='par_1_7' title="bbox 290 1797 400 1856">
     <span class='ocr_line' id='line_1_34' title="bbox 290 1797 400 1856; baseline 0 -12"><span class='ocrx_word' id='word_1_242' title='bbox 290 1797 400 1856; x_wconf 79' lang='lat' dir='ltr'><strong>capreae</strong></span> 
     </span>
    </p>
   </div>
   <div class='ocr_carea' id='block_1_4' title="bbox 0 0 1548 4380">
    <p class='ocr_par' dir='ltr' id='par_1_8' title="bbox 0 0 1548 4380">
     <span class='ocr_line' id='line_1_35' title="bbox 0 0 1548 4380; baseline 0 0"><span class='ocrx_word' id='word_1_243' title='bbox 0 0 1548 4380; x_wconf 95' lang='lat' dir='ltr'><strong> </strong></span> 
     </span>
    </p>
   </div>
  </div>
 </body>
</html>
