3106 4378
485 325 598 378 mana
621 325 656 378 v.
706 323 819 376 nrvus
842 323 1035 377 cununms
1203 311 1266 376 101

260 499 405 558 functum
427 503 602 559 senatorem
623 497 785 558 inauditos
799 503 832 557 et
846 497 992 558 innoxios
1007 497 1168 574 relegavit,
1183 498 1268 576 quod

260 601 314 662 ille
328 603 478 663 adversus
496 603 656 680 privatum
671 621 704 663 se
718 603 981 681 intemperantius
1000 603 1152 678 affuisset,
1168 604 1220 663 hic
1234 604 1268 662 in

260 708 421 769 aedilitate
442 707 615 786 inquilinos
637 708 835 787 praediomm
854 728 990 784 suorum,
1009 715 1118 768 contra
1134 709 1268 769 vetitum

259 821 346 876 cocta
374 815 555 892 vendentes,
588 816 755 877 multasset
783 816 974 894 uilicumque
1006 815 1268 876 intervenientem

259 922 457 998 flagellasset.
497 924 566 995 Qua
579 923 619 984 de
633 942 727 984 causa
741 922 837 983 etiam
848 922 1066 983 coercitionem
1081 921 1267 1000 popinarum
1283 937 1298 982 5
1324 978 1327 985 .

259 1029 414 1090 aedilibus
436 1029 562 1090 ademit.

299 1135 347 1197 Ac
360 1154 401 1195 ne
419 1134 591 1196 stultitiam
613 1134 739 1214 quidem
762 1154 850 1195 suam
870 1134 1007 1209 reticuit,
1026 1134 1268 1214 simulatamque

145 1262 153 1281 ·
243 1260 279 1314 ¹a
293 1259 326 1301 se
340 1260 380 1300 ex
395 1240 552 1302 industria
573 1241 631 1300 sub
649 1241 738 1314 Gaio,
759 1240 844 1318 quod
860 1239 953 1300 aliter
972 1259 1122 1301 evasurus
1140 1259 1268 1319 perven-

259 1353 410 1425 turusque
431 1347 472 1407 ad
494 1351 671 1424 susceptam
694 1345 863 1406 stationem
879 1364 943 1405 non
957 1345 1064 1421 fuerit,
1079 1345 1267 1425 quibusdam

260 1451 465 1512 oratiunculis
484 1456 620 1511 testatus
635 1455 698 1526 est3
721 1469 778 1509 nec
793 1456 899 1509 tamen
916 1451 1082 1527 persuasit,
1097 1470 1166 1510 cum
1183 1451 1268 1512 intra
1285 1461 1313 1505 10

259 1557 352 1617 breve
367 1562 492 1634 tempus
507 1556 587 1615 liber
601 1555 705 1616 editus
720 1555 771 1630 sit,
786 1555 839 1614 oui
853 1555 949 1614 index
964 1561 1031 1614 erat
1046 1560 1156 1636 Μωρῶν
1170 1535 1267 1618 irard-

259 1689 370 1737 στασις,
386 1667 605 1738 argumentum
620 1666 736 1736 autem,
752 1659 923 1720 stultitiam
937 1660 1094 1720 neminem
1109 1661 1234 1738 fingere.
1291 1661 1297 1673 ’

207 1770 245 1820 39
299 1769 388 1827 Inter
409 1773 513 1826 cetera
533 1767 565 1825 in
589 1785 626 1826 eo
644 1766 752 1826 mirati
771 1771 847 1826 sunt
865 1766 1009 1826 homines
1027 1772 1059 1826 et
1077 1766 1266 1826 oblivionem

258 1879 290 1933 et
310 1871 619 1948 inconsiderantiam,
641 1870 701 1948 vel,
723 1877 760 1931 ut
782 1859 899 1932 Graece
925 1871 1038 1947 dicam,
1063 1876 1213 1953 μετεωρίαν
1235 1877 1267 1931 et

259 1982 406 2058 ᾶβλεψίαν.
444 1977 555 2040 Occisa
565 1976 746 2054 Messalina,
756 1977 852 2055 paulo
863 1983 934 2055 poet
945 1996 1040 2054 quam
1065 2020 1254 2081 flietorgetful-
1284 1986 1312 2031 15

259 2082 293 2142 in
306 2083 447 2144 triclinio
463 2083 621 2160 decubuit,
638 2103 691 2144 cur·
707 2087 833 2143 domiuo
851 2103 913 2142 noa
926 2087 1040 2142 ueniret
1065 2109 1126 2143 nem
1136 2096 1232 2172 snum·

259 2188 413 2267 requisiit.
449 2189 571 2248 Multos
585 2208 624 2248 ex
638 2188 688 2264 iis,
704 2207 782 2266 quos
797 2188 901 2266 capite
914 2189 1040 2274 damna
1065 2169 1197 2219 ‘mm

259 2299 355 2369 verat,
383 2300 510 2372 postero
534 2292 644 2354 statim
672 2292 722 2352 die
751 2293 842 2352 etin
867 2292 1035 2360 consilium
1059 2297 1091 2351 et
1115 2292 1156 2352 ad
1173 2291 1266 2356 'aleae
1332 2299 1339 2306 “

258 2399 363 2458 lusum
385 2398 547 2459 admoneri
571 2398 666 2459 iussit
689 2403 730 2474 et,
753 2397 844 2477 quasi
865 2403 1069 2473 morarentur,
1092 2369 1267 2458 uffsomni-

259 2504 381 2565 culosos
408 2522 464 2581 per
492 2503 639 2564 nuntium
667 2503 833 2582 increpuit.
889 2485 1052 2563 Ductnrus
1080 2509 1189 2564 contra
1216 2503 1266 2563 fas
1282 2517 1312 2562 ac

259 2608 470 2687 Agrippinam
490 2628 629 2685 uxorem,
650 2629 714 2670 non
735 2609 872 2670 cessavit
892 2609 978 2668 omni
1002 2609 1143 2668 oratione
1162 2611 1266 2686 filium

259 2725 286 2774 et
299 2717 457 2774 alumnam
471 2725 498 2774 et
511 2719 545 2774 in
557 2720 672 2794 premio
683 2735 737 2774 coo
751 2725 857 2775 aotam
872 2725 960 2791 atque
974 2715 1133 2774 educatum
1147 2714 1267 2792 praedi-

258 2835 336 2880 care'.
373 2820 562 2881 Adsciturus
576 2821 611 2880 in
624 2839 739 2881 nomen
751 2822 920 2896 Neronem,
935 2820 1026 2899 quasi
1040 2839 1152 2899 parum
1166 2837 1268 2898 repre

258 2925 457 3001 henderetur‚
479 2926 564 3004 quod
585 2925 695 2986 adulto
715 2926 779 2986 iam
800 2925 866 2986 filio
889 2926 1070 3004 privignum
1092 2926 1265 3004 adoptaret,

258 3031 432 3092 identidem
454 3030 640 3108 divulgavit,
663 3036 814 3092 neminem
833 3052 979 3108 umquam
994 3051 1053 3108 per
1074 3035 1267 3107 adoptionem
1283 3047 1312 3093 aa

260 3140 404 3212 familiae
426 3136 574 3200 Claudiae
594 3141 750 3199 incertum.

207 3251 246 3303 40
301 3243 460 3304 Sermonis
481 3261 556 3304 vero
580 3261 747 3321 rerumque
770 3249 892 3304 tantam
918 3261 1010 3320 saepe
1034 3242 1267 3321 neglegentiam

260 3349 407 3425 ostendit,
429 3355 465 3409 ut
486 3368 543 3410 neo
565 3349 636 3427 quis
657 3368 714 3410 nec
734 3349 818 3408 inter
838 3368 926 3426 quos,
941 3367 1042 3425 quove

260 3460 400 3532 tempore
415 3473 450 3514 ac
465 3454 533 3516 loco
547 3455 643 3514 verba
657 3455 784 3529 faceret,
801 3453 879 3514 scire
894 3459 949 3514 aut
963 3453 1043 3530 cogi-
1103 3429 1210 3566 ἓξὲξ

260 3565 328 3620 tare
342 3558 585 3621 existimaretur.
617 3559 695 3621 Cum
707 3561 746 3619 de
761 3558 1042 3620 laniisaevinariis
1284 3571 1313 3616 30

215 3643 218 3649 ¹
261 3670 413 3741 ageretur,
429 3665 619 3726 exclamavit
639 3665 674 3724 in
692 3663 795 3725 ouria:
826 3666 912 3742 Ropo
927 3684 988 3740 cos,
1003 3668 1071 3740 quis
1085 3673 1185 3742 potest
1203 3669 1267 3723 sine

260 3773 355 3848 effide
372 3772 500 3832 cicere?
519 3770 749 3848 descripsitque
768 3769 994 3831 abundantiam
1008 3774 1150 3829 veterum
1169 3769 1267 3829 taber-
