3078 4380
535 291 646 342 urana
669 291 720 343 rn
773 293 953 345 marmus.
1208 279 1251 344 39

243 462 374 524 tibicine
389 462 590 542 supplicavit,
605 468 642 523 ut
655 463 710 523 ille
724 463 800 524 olim
815 463 849 522 in
863 469 963 524 morte
976 464 1045 525 filii.
1081 445 1084 454 ,
1102 465 1251 526 Sermone

193 581 229 633 71
246 570 365 630 Graeco
379 587 570 645 quamquam
585 567 704 645 alioqui
714 574 878 647 promptus
893 575 925 628 et
940 568 1054 646 facilis,
1066 589 1129 628 non
1143 577 1251 632 tamen

244 693 470 752 usquequaque
485 694 560 736 usus
577 680 635 750 est,
648 674 864 751 abstinuitque
886 674 1022 734 maxime

244 780 278 839 in
293 786 421 856 senatu;
451 780 528 839 adeo
543 779 679 857 quidem,
695 785 731 839 ut
745 779 957 856 monopolium
973 799 1024 839 no
1054 755 1216 880 {puppem

244 886 421 946 minaturus
430 887 556 946 veniam
569 886 658 964 prius
672 886 855 963 postularet,
866 886 950 962 quod
965 885 1026 946 sibi
1079 882 1081 887 ’
1105 845 1122 893 g
1158 845 1174 892 g
1266 903 1281 948 5

243 992 339 1052 verbo
353 991 518 1070 peregrino
532 992 685 1051 utendum
699 996 798 1067 esset,
825 996 920 1068 atque
935 981 1030 1078 etiarn
1045 1009 1116 1050 cum
1130 991 1165 1050 in
1179 1010 1251 1069 quo

244 1097 317 1156 dam
338 1098 462 1156 decreto
483 1102 609 1174 patrum
630 1099 768 1176 ἔμβλημα
788 1095 981 1171 recitaretur,
997 1097 1250 1156 commutandam

244 1201 367 1268 censuit
387 1220 504 1277 vocem,
519 1207 552 1260 et
572 1220 629 1278 pro
649 1199 815 1279 peregrina
835 1205 1008 1260 nostratem
1030 1201 1250 1277 requirendam

244 1312 298 1367 aut
313 1307 418 1366 sinon
438 1305 636 1385 reperiretur,
651 1305 701 1364 vel
723 1305 866 1383 pluribus
888 1311 921 1364 et
941 1324 997 1382 per
1018 1305 1169 1365 ambitum
1185 1325 1252 1365 ver-

243 1412 353 1472 borum
368 1431 434 1472 rem
449 1412 682 1471 enuntiandam.
726 1411 864 1470 Militem
882 1428 1015 1488 quoque,
1033 1412 1149 1472 Graece
1164 1411 1251 1471 testi·
1268 1426 1296 1472 10

244 1517 384 1576 monium
399 1517 636 1592 interrogatum,
651 1515 715 1576 nisi
730 1515 844 1575 Latine
859 1515 1047 1592 respondere
1064 1515 1175 1574 vetuit.

191 1632 229 1684 72
284 1623 339 1683 Bis
351 1623 478 1682 omnino
487 1627 555 1682 toto
564 1639 705 1682 secessus
714 1627 854 1699 tempore
866 1621 996 1680 Romam
1009 1621 1111 1680 redire
1120 1627 1250 1682 conatus

248 1728 360 1807 (semel
388 1726 511 1788 triremi
538 1727 700 1804 usquead
722 1725 881 1804 proximos
909 1726 1114 1785 naumachiae
1142 1726 1250 1787 hortos

244 1832 584 1911 subvectusdisposita
592 1832 728 1893 statione
738 1829 793 1909 per
800 1830 1030 1909 ripasTiberis,
1037 1850 1117 1908 quae
1125 1831 1251 1891 obviam

243 1939 428 2016 prodeuntis
443 1938 651 2014 submoveret,
666 1937 782 1996 iterum
793 1935 901 2015 Appia
911 1921 1011 2013 usquo¹
1026 1936 1065 1995 ad
1081 1936 1251 2014 septimum
1268 1951 1296 1996 15

243 2043 395 2125 lapidem)
413 2043 468 2102 sed
489 2043 664 2121 prospectis
683 2042 776 2101 modo
796 2060 853 2100 nec
873 2040 970 2102 aditis
985 2040 1072 2101 urbis
1087 2041 1250 2102 moenibus

244 2149 353 2226 rediit;
369 2150 471 2228 primo
485 2149 641 2208 incertum
652 2168 715 2226 qua
728 2148 767 2207 de
782 2167 884 2222 causa,
900 2153 1010 2224 postea
1025 2153 1150 2207 ostento
1163 2149 1251 2208 terri·

242 2261 303 2315 tus.
346 2256 425 2315 Erat
436 2255 465 2314 ei
474 2255 508 2313 in
519 2253 758 2314 oblectamentis
770 2272 898 2330 serpens
909 2252 1012 2327 dracn,
1025 2271 1118 2329 quem
1131 2272 1170 2313 ex
1182 2272 1252 2313 con-

139 2339 141 2344 .
244 2359 408 2420 suetudine
419 2379 515 2419 manu
529 2379 586 2419 sua
595 2359 755 2420 cibaturus
766 2377 836 2418 cunr
849 2363 1067 2435 consumptum
1079 2377 1097 2418 a
1108 2358 1250 2419 formicis

243 2466 424 2540 invenisset,
441 2465 579 2524 monitus
594 2470 694 2524 estut
709 2463 773 2523 vim
788 2461 1003 2522 multitudinis
1017 2473 1149 2522 caveret.
1192 2465 1251 2523 Re
1266 2473 1296 2518 20

243 2571 332 2631 dicus
346 2589 420 2646 ergo
434 2589 565 2648 propere
580 2568 794 2647 Campaniam,
809 2569 946 2628 Asturae
961 2568 994 2625 in
1009 2566 1191 2644 languorem
1206 2568 1251 2627 in-

243 2677 329 2751 cidit,
345 2695 406 2753 quo
420 2674 549 2753 paulurn
563 2675 686 2734 levatus
701 2673 839 2734 Circeios
853 2672 1021 2750 pertendit.
1098 2719 1099 2722 ,

243 2782 290 2842 Ac
310 2800 350 2841 ne
369 2789 465 2857 quarn
484 2779 694 2857 suspicionem
714 2778 910 2838 infirmitatis
924 2778 1022 2852 daret,
1059 2753 1161 2875 11:21th

242 2886 453 2946 castrensibus
469 2884 553 2944 ludis
568 2904 632 2943 non
647 2889 771 2944 tantmn
794 2882 950 2957 interfuit,
968 2883 1023 2942 sed

242 2991 338 3052 etiam
359 2990 491 3050 missum
510 2989 545 3048 in
562 2989 713 3049 harenam
734 3007 843 3066 aprum
866 2987 978 3047 iaculis
1000 2987 1135 3065 desuper
1149 2985 1247 3064 petit3
1266 3002 1296 3047 25

242 3096 412 3172 statimque
426 3095 525 3155 latere
539 3093 690 3154 convulso
704 3099 745 3169 et,
760 3098 796 3152 ut
810 3098 1018 3166 exaestuarat‚
1034 3091 1159 3152 afflatus
1173 3110 1249 3152 aura

242 3199 275 3259 in
297 3201 472 3277 graviorem
494 3197 607 3260 recidit
628 3199 779 3258 morbum.
836 3197 1034 3258 Sustentavit
1061 3202 1166 3256 tamen
1195 3196 1250 3256 ali-

242 3306 400 3383 quamdiu,
430 3304 574 3382 quamvis
602 3304 761 3363 Misenum
789 3321 889 3380 usque
918 3304 1067 3362 devectus
1099 3300 1181 3360 nihil
1208 3320 1248 3362 ex

242 3411 350 3470 ordine
364 3410 523 3470 cotidiano
537 3409 812 3488 praetermitteret,
828 3427 867 3468 ne
886 3407 1032 3468 convivia
1050 3407 1177 3485 quidem
1194 3412 1248 3467 aut

242 3520 360 3576 ceteras
375 3514 563 3592 voluptates,
578 3514 694 3592 partim
709 3513 953 3590 intemperantia
967 3513 1084 3590 partim
1105 3511 1249 3572 dissimu·
1264 3524 1294 3570 30

241 3619 367 3681 latione.
410 3621 494 3679 Nam
515 3619 681 3691 Chariclen
701 3618 866 3693 medicum,
882 3618 974 3695 quod,
991 3623 1166 3677 commeatu
1183 3617 1249 3678 afu-

241 3732 373 3802 turus,e
392 3723 536 3784 convivio
554 3723 718 3800 egrediens
737 3741 865 3784 manum
886 3721 948 3784 sibi
969 3722 1133 3782 osculandi
1154 3740 1249 3782 causa
