3106 4378
290 283 353 349 104
391 294 421 345 c.
446 293 602 344 suarem
621 277 850 356 ramorum
870 294 919 344 nn
938 293 1029 344 uma
1049 293 1252 346 cansarum

289 485 404 544 qaoque
432 470 466 526 ie
487 470 568 543 fatis
595 485 657 526 esse
685 466 816 527 iactavit
840 470 945 528 omnio
969 470 1133 543 impudica,
1159 469 1212 528 sed
1235 487 1296 527 aee

288 576 440 649 impunita
460 575 677 646 matrimoni&
700 577 732 632 et
754 571 888 633 subinde
909 571 1035 632 obvium
1057 572 1118 633 sibi
1137 572 1296 634 Britanni-

288 696 360 738 cum
371 676 470 738 artius
481 677 663 755 complexus
674 677 820 738 hortatus
832 683 890 754 est,
899 687 932 738 ut
942 687 1081 739 cresceret
1091 682 1295 755 rationemque

288 804 308 844 α
322 803 353 844 se
363 787 499 843 omnium
507 786 663 859 suetorum
676 786 821 860 carperet
827 803 840 858 ,·
862 784 982 844 Graeca
995 783 1125 862 insuper
1138 803 1213 844 voce
1227 804 1295 862 pro

243 908 258 954 t
288 894 430 950 secutus:
454 891 595 968 ὁτρώσας
610 891 655 949 καὶ
669 893 784 950 ἰάσεται.
827 889 968 967 Cumque
985 888 1108 968 impubi
1125 870 1294 966 teneroque

288 995 400 1070 adhue,
415 996 542 1073 quando
561 1000 682 1055 statura
700 994 907 1074 permitteret,
926 1001 1031 1070 togam
1051 995 1125 1055 dare
1144 995 1296 1054 destinas-

289 1105 344 1176 set,
360 1100 490 1161 adiecit:
516 1102 554 1162 Ut
561 1103 683 1160 taudem
694 1103 828 1176 populus
842 1102 1001 1161 Romanus
1015 1119 1119 1160 uerum
1136 1099 1296 1171 Caesarem

198 1253 208 1279 ,
288 1208 402 1266 hebeat.
438 1207 511 1266 Non
520 1205 681 1283 multoque
689 1212 761 1283 post
770 1211 993 1266 testamentum
1003 1205 1099 1265 etiam
1108 1205 1295 1283 conseripsit
1308 1212 1347 1262 44

288 1354 411 1402 pam
425 1356 455 1401 ,t
515 1317 550 1370 ac
570 1309 670 1386 signis
685 1311 825 1369 omnium
845 1311 1086 1386 magistratuum
1107 1308 1293 1386 obsignavit.

244 1431 273 1477 10
288 1428 441 1488 usagadon
455 1426 483 1474 of
515 1414 608 1475 Prius
627 1414 724 1491 igitur
738 1433 834 1492 quam
847 1414 933 1475 ultra
947 1416 1194 1492 progrederetur,
1210 1433 1296 1492 pras-

289 1501 427 1563 *ΜΡΝ
515 1526 629 1580 ventus
646 1526 695 1580 est
714 1521 753 1580 ab
770 1520 956 1598 Agrippina,
972 1539 1066 1597 quam
1080 1526 1205 1598 praeter
1219 1520 1295 1580 haec

288 1622 480 1685 conscientia
493 1643 626 1704 quoque,
641 1643 698 1685 nec
712 1625 818 1686 minus
833 1623 988 1686 delatores
1006 1625 1178 1685 multorum
1196 1625 1297 1686 crimi-

288 1750 361 1790 num
379 1731 558 1806 arguebant,

328 1837 372 1896 Et
385 1854 505 1895 veneno
519 1836 647 1913 quidem
663 1836 800 1896 occisum
814 1837 978 1912 convenit3
1000 1836 1055 1896 ubi
1069 1842 1171 1896 autem
1190 1842 1222 1896 et
1240 1854 1296 1914 per

244 1964 273 2009 15
290 1957 382 2017 quem
396 1942 479 2017 dato,
495 1941 660 2019 discrepat.
704 1941 838 2011 Quidam
856 1942 994 2016 tradunt,
1010 1941 1153 2019 epulanti
1171 1941 1206 2000 in
1226 1959 1295 2001 arce

290 2065 360 2107 cum
386 2045 598 2106 sacerdotibus
626 2065 681 2124 per
707 2046 860 2106 Halotum
890 2047 1060 2124 spadonem
1084 2051 1297 2125 praegustato
1397 2071 1400 2076 ·

289 2170 371 2228 rem;
401 2151 466 2226 alii,
492 2151 663 2211 domestico
690 2150 835 2211 convivio
863 2171 919 2229 per
945 2151 1048 2229 ipsam
1076 2151 1295 2230 Agrippinam,

289 2276 369 2334 quae
383 2256 523 2316 boletum
537 2256 727 2317 medicatum
746 2255 931 2332 avidissimo
953 2257 1092 2318 ciborum
1113 2256 1225 2316 talium
1247 2257 1297 2318 ob

289 2363 414 2422 tulerat.
470 2361 576 2422 Etiam
610 2363 649 2421 de
681 2362 944 2439 subsequentibus
972 2362 1098 2422 diversa
1124 2363 1211 2422 fama
1237 2367 1294 2422 est.

244 2480 273 2524 ao
289 2467 387 2528 Multi
408 2467 517 2528 statim
538 2467 651 2528 hausto
671 2486 791 2527 veneno
812 2467 1006 2528 obmutuisse
1027 2467 1125 2543 aiunt,
1144 2467 1297 2526 excrucia

289 2578 419 2650 tumque
452 2572 611 2633 doloribus
642 2579 733 2633 nocte
763 2578 831 2632 tota
865 2572 1018 2633 defecisse
1053 2591 1150 2651 prope
1184 2571 1294 2632 lucem.

289 2677 445 2739 Nonnulli
469 2678 552 2738 inter
575 2677 668 2738 initia
692 2679 898 2755 consopitum,
921 2677 1035 2738 deinde
1060 2677 1129 2738 cibo
1150 2677 1296 2739 affluente

290 2784 466 2846 evomuisse
484 2785 597 2860 omnia,
615 2784 847 2862 repetitumque
868 2783 983 2860 toxico,
998 2783 1152 2844 incertum
1173 2783 1296 2862 pultine

290 2891 407 2966 addito,
434 2909 504 2950 cum
529 2891 617 2950 velut
640 2891 828 2951 exhaustum
853 2890 940 2950 refici
968 2889 1037 2950 cibo
1065 2895 1231 2967 oporteret,
1256 2908 1297 2950 an

245 3013 275 3058 25
290 2997 432 3058 immisso
442 3015 498 3074 per
511 2997 656 3076 clystera,
668 3002 705 3056 ut
719 2996 810 3074 quasi
823 2995 1018 3056 abundantia
1030 2993 1188 3055 laboranti
1201 2994 1297 3054 etiam

516 3103 575 3162 hoc
599 3121 712 3180 genere
737 3102 906 3180 egestionis
932 3099 1158 3162 subveniretur.
1209 3101 1297 3160 Mors
1310 3114 1349 3164 45

517 3209 583 3269 eius
601 3209 702 3270 celata
718 3216 775 3284 est,
791 3209 890 3270 donec
906 3208 990 3270 cirea
1006 3227 1216 3270 successorem
1237 3227 1299 3268 om·

516 3314 570 3374 nia
584 3314 812 3374 ordinarentur.
855 3315 969 3392 ltaque
984 3320 1016 3375 et
1030 3314 1121 3393 quasi
1135 3334 1192 3394 pro
1206 3333 1298 3390 aegro

293 3421 395 3482 adhue
416 3425 490 3480 vota
511 3427 656 3500 suscepta
677 3427 760 3497 sunt,
783 3426 815 3480 et
837 3420 959 3481 inducti
985 3440 1040 3499 per
1065 3420 1299 3482 simulationem

247 3541 277 3588 eo
293 3527 441 3601 comoedi,
464 3526 518 3604 qui
543 3527 631 3587 velut
656 3527 886 3588 desiderantem
911 3525 1111 3587 oblectarent.
1154 3526 1299 3588 Excessit
1331 3513 1333 3523 ’

294 3632 348 3692 III
368 3632 418 3692 Id.
434 3632 542 3693 Octob.
557 3631 670 3692 Asinio
689 3632 849 3706 Marcelle,
868 3631 972 3691 Acilio
989 3631 1106 3692 Aviola
1121 3650 1198 3692 coss.
1215 3650 1300 3692 sexa-

294 3737 413 3816 gesimo
427 3743 539 3814 quarto
553 3735 675 3812 aetatis,
691 3736 816 3815 imperii
836 3743 948 3814 quarto
965 3737 1086 3797 decimo
1107 3755 1198 3812 anno,
1213 3737 1301 3796 fune-

291 3184 375 3230 Deatlr

292 3257 422 3306 mncealed
