3078 4380
305 279 347 344 50
381 292 411 346 o.
434 290 591 343 sunrour
613 291 842 356 ramouimr
864 294 914 345 nn
938 295 1030 346 vrrs
1053 295 1257 348 cassanum

232 487 234 490 ·
304 464 534 540 traduceretur5
557 469 590 524 at
612 464 646 522 in
667 465 849 525 memoriam
870 466 970 543 patris
994 467 1208 544 Septembrem
1228 488 1311 528 men-

304 590 370 630 sem
385 569 607 631 Germanioum
627 569 808 648 appellavit.
851 572 929 632 Post
947 572 1024 632 haee
1039 573 1197 634 Antoniae
1211 574 1308 651 aviac,

304 675 458 752 quidquid
477 695 627 752 umquam
646 675 739 736 Livia
752 676 899 752 Augusta
917 678 1071 737 honorum
1088 679 1231 756 cepisset,
1247 700 1310 741 uno

304 787 430 842 senatus
452 781 596 840 consulto
617 781 789 858 congessit3
813 788 960 860 patruum
980 782 1156 859 Claudium,
1172 785 1307 862 equitem

271 888 480 946 5Romanum
501 886 596 946 adid
618 892 751 964 tempus,
766 887 919 964 collegam
940 888 1001 947 sibi
1023 888 1057 947 in
1078 890 1244 950 consulatu
1264 911 1310 952 as-

303 992 454 1070 sumpsit3
484 992 615 1052 fratrem
641 991 802 1051 Tiberium
827 993 878 1052 die
903 992 1005 1053 virilis
1030 999 1121 1070 togae
1146 996 1309 1072 adoptavit

302 1097 537 1174 appellavitque
558 1097 733 1175 prinoipem
754 1098 947 1173 iuventutis3
970 1099 1009 1158 de
1028 1099 1186 1160 sororibus
1201 1107 1309 1161 auctor

302 1202 375 1275 fuit,
386 1208 422 1262 ut
436 1202 580 1262 omnibus
596 1203 799 1263 sacramentis
814 1202 1005 1263 adiceretur:
1027 1224 1119 1280 aeque
1130 1225 1177 1264 me
1192 1209 1309 1266 liberos-

302 1326 357 1382 que
379 1327 460 1366 moos
484 1312 617 1367 cariores
641 1310 752 1368 bubalio
775 1328 867 1384 quum
893 1310 1008 1369 Guium
1031 1312 1123 1369 babeo
1144 1323 1309 1371 errorores

258 1421 287 1466 10
302 1417 385 1486 eiuc;
406 1413 482 1473 item
504 1412 709 1472 relationibus
732 1414 911 1474 consulum:
941 1417 1021 1489 quod
1046 1418 1155 1476 bocum
1173 1419 1308 1492 foliaque

302 1522 341 1577 sit
364 1518 394 1578 Ο.
415 1519 543 1580 Caesari
563 1522 772 1594 sororibusque
792 1523 864 1578 eius.

341 1623 416 1683 Pari
429 1622 640 1701 popularitate
656 1624 820 1683 damnatos
837 1623 1055 1701 relegatosque
1073 1627 1230 1702 restituit3
1250 1628 1309 1687 cri-

301 1729 430 1804 minum,
457 1728 485 1788 si
509 1747 589 1806 quae
613 1728 740 1788 residua
764 1747 803 1787 ex
831 1730 934 1807 priore
962 1735 1102 1808 tempore
1131 1732 1307 1808 manebant,

301 1834 441 1893 omnium
461 1834 594 1908 gratiam
609 1833 704 1909 fecit3
727 1835 967 1894 commentarios
983 1836 1024 1895 ad
1037 1836 1147 1895 matris
1162 1837 1308 1896 fratrum·

256 1952 361 2016 loque
379 1959 506 1999 suorum
525 1957 633 1998 causas
653 1939 852 2016 pertinentis,
873 1959 912 1998 ne
935 1940 984 1999 cui
1005 1941 1206 2018 postmodum
1226 1941 1308 2002 dela

301 2045 363 2103 tori
377 2051 431 2103 aut
445 2044 521 2104 testi
535 2050 676 2103 maneret
690 2044 774 2103 ullus
793 2055 903 2120 metus,
919 2051 1084 2105 convectos
1099 2046 1132 2104 in
1147 2045 1261 2121 forum,
1276 2053 1308 2107 et

300 2155 374 2209 ante
395 2149 477 2209 clare
499 2149 674 2209 obtestatus
697 2150 771 2209 deos
793 2169 893 2227 neque
912 2149 1027 2226 legisse
1046 2169 1148 2228 neque
1163 2151 1307 2227 attigisse

301 2254 476 2332 quiequam,
495 2255 722 2331 concremavit3
745 2254 887 2315 libellum
907 2255 946 2314 de
966 2255 1067 2315 salute
1088 2275 1146 2316 sua
1167 2256 1306 2316 oblatum

300 2380 363 2420 non
382 2361 509 2437 recepit,
527 2360 728 2434 contendens,
746 2363 824 2418 uiltil
840 2363 899 2419 sibi
915 2363 1083 2419 odmismm
1099 2381 1153 2420 our
1165 2366 1324 2437 cuiquam*

255 2477 285 2522 ao
300 2470 417 2524 incisas
444 2474 525 2540 esset,
555 2465 745 2542 negavitque
773 2484 806 2524 se
836 2464 1027 2525 delatoribus
1056 2485 1146 2525 aures
1182 2467 1304 2526 habere.

301 2571 481 2648 spinthrias
503 2575 749 2629 monstrosarum
772 2570 949 2644 libidinum,
974 2589 1064 2645 aegre
1087 2589 1126 2629 ne
1148 2572 1306 2648 profundo
1323 2580 1359 2632 16

299 2716 345 2762 nia
355 2716 460 2763 reforma
525 2680 679 2750 mergeret
694 2681 849 2749 exoratus,
864 2675 941 2734 urbe
956 2675 1122 2735 submovit.
1166 2677 1232 2736 Titi
1251 2679 1308 2736 La

299 2792 348 2837 anu
357 2790 471 2838 benefac
525 2779 619 2855 bieni,
643 2779 737 2840 Cordi
760 2780 909 2854 Cremuti,
934 2779 1023 2840 Cassi
1049 2779 1157 2839 Severi
1180 2781 1305 2858 scripta,

298 2865 367 2912 ⁵⁰¹⁸
526 2892 652 2944 senatus
674 2885 827 2945 consultis
849 2885 975 2960 abolita,
995 2885 1114 2963 requiri
1134 2892 1165 2945 et
1186 2905 1254 2947 esse
1273 2887 1307 2946 in

254 3004 283 3049 25
299 2987 443 3048 manibus
465 2989 664 3067 lectitarique
686 2990 840 3067 permisit,
860 2994 982 3066 quoodo
999 2995 1130 3050 monimo
1147 3011 1205 3050 suo
1218 2995 1307 3052 inler-

299 3102 373 3152 eseet
383 3097 507 3169 utsocto
517 3114 651 3170 quaeque
661 3100 792 3171 postoris
802 3099 970 3155 truduntur.
1007 3097 1158 3156 Rationes
1170 3095 1306 3174 imperii,

299 3198 338 3258 ab
361 3198 505 3274 Augusto
529 3201 662 3278 proponi
690 3202 800 3262 solitas
826 3203 881 3260 sed
905 3221 923 3261 a
945 3202 1071 3261 Tiberio
1098 3201 1306 3279 intermissas,

219 3335 223 3343 .
299 3303 480 3383 publicavit.
537 3306 779 3382 Magistratibus
810 3307 940 3367 liberam
969 3307 1048 3367 iuris
1076 3308 1246 3368 dictionem
1275 3313 1308 3368 et

300 3409 367 3468 sine
383 3409 432 3470 sui
446 3411 657 3489 appellatione
672 3414 834 3498 concessit.
877 3413 1010 3490 Equites
1025 3415 1183 3474 Romanos
1198 3433 1307 3475 severe

253 3541 283 3585 30
299 3512 490 3592 curioseque,
519 3535 576 3576 nec
610 3517 677 3577 sine
709 3518 932 3593 moderatione,
971 3518 1161 3594 recognovit,
1200 3520 1306 3596 palam

299 3621 446 3697 adempto
463 3639 544 3698 equo
563 3622 676 3698 quibus
696 3629 751 3682 aut
774 3623 879 3701 probri
901 3622 1023 3699 aliquid
1043 3629 1097 3682 aut
1114 3623 1305 3698 ignominiae

298 3724 425 3802 inesset,
448 3744 554 3785 eorum
577 3725 633 3803 qui
657 3727 777 3786 minore
802 3727 896 3804 culpa
919 3733 1102 3786 tenerentur
1126 3728 1305 3789 nominibus
