3106 4378
296 282 359 347 116
399 297 427 346 c.
449 295 604 345 suarour
625 293 852 356 ranuourunr
873 294 923 343 nn
944 293 1035 343 vrrs
1054 292 1257 343 cansarum

296 467 418 528 Achaia
442 467 600 528 Isthmum
624 467 789 545 perfodere
811 485 986 542 aggressus,
1008 465 1224 543 praetorianos
1246 486 1303 544 pro

296 573 440 634 contione
464 573 505 632 ad
529 571 740 632 incohandum
766 590 844 649 opus
868 569 1051 630 cohortatus
1080 575 1138 645 est,
1163 570 1302 647 tubaque

297 680 387 752 signo
414 678 489 738 dato
512 678 632 755 primus
658 675 786 736 rastello
811 676 941 735 humum
966 675 1077 735 effodit
1102 681 1134 735 et
1158 675 1303 735 corbulae

297 791 474 860 congestam
494 782 610 842 umeris
629 782 752 842 extulit.
797 781 934 841 Parabat
948 786 980 840 et
994 781 1034 840 ad
1049 780 1180 858 Caspias
1195 787 1302 859 portas

264 902 280 947 5
296 889 537 968 expeditionem,
549 887 728 964 conscripta
742 906 781 946 ex
795 886 919 946 Italicis
935 905 1045 946 senum
1064 886 1180 963 pedum
1195 884 1304 945 tironi-

296 996 354 1055 bus
385 1013 466 1053 nova
499 993 629 1068 legione,
664 987 758 1068 quam
792 989 902 1066 Magni
935 990 1111 1050 Alexandri
1144 989 1304 1068 phalanga

296 1098 484 1178 appellabat.
670 1079 672 1086 ’
714 1081 717 1089 ’

337 1205 425 1264 Haec
448 1203 563 1282 partim
586 1201 675 1262 nulla
698 1201 950 1279 reprehensione,
975 1201 1093 1279 partim
1118 1200 1214 1260 etiarn
1239 1219 1304 1260 non

298 1309 445 1394 ¹mediocri
467 1309 559 1368 laude
581 1307 677 1383 digna
698 1308 731 1366 in
751 1327 850 1367 uuum
871 1306 1000 1381 contuli,
1016 1310 1053 1365 ut
1073 1323 1262 1366 secernerem
1285 1324 1305 1364 a

253 1425 281 1470 10
297 1415 419 1494 probris
441 1432 476 1474 ac
498 1413 667 1473 sceleribus
688 1411 766 1486 eius,
782 1413 820 1472 de
842 1411 957 1488 quibus
979 1411 1092 1470 dehinc
1115 1411 1225 1471 dicam.

337 1521 426 1579 Inter
445 1523 565 1579 ceteras
584 1517 768 1595 disciplinas
788 1517 943 1595 pueritiae
960 1522 1102 1594 tempore
1116 1515 1257 1576 imbutus
1272 1520 1304 1576 et
1317 1519 1356 1570 20

522 1623 650 1696 musica,
679 1622 788 1683 statim
815 1627 851 1681 ut
880 1621 1046 1699 imperium
1080 1621 1213 1698 adeptus
1246 1627 1303 1696 est,

297 1706 457 1790 berctionto
522 1730 682 1805 Terpnum
704 1726 930 1802 citharoedum,
946 1727 1105 1802 vigentem
1124 1731 1200 1785 tunc
1219 1745 1304 1804 prae

297 1791 379 1827 mum
521 1838 569 1892 ter
589 1832 677 1907 alios,
698 1833 841 1892 arcessiit
860 1832 1033 1908 diebusque
1054 1831 1213 1891 continuis
1232 1837 1304 1908 post

253 1957 282 2002 15
297 1957 405 1998 cenam
422 1938 549 1997 canenti
569 1938 601 1996 in
624 1938 757 1997 multam
779 1944 903 1997 noctem
926 1937 1080 2011 assidens,
1096 1936 1250 2014 paulatim
1272 1943 1304 2001 et
1334 1973 1337 1978 ·

298 2044 365 2121 ipse
385 2043 531 2102 meditari
550 2043 749 2119 exercerique
768 2043 880 2120 coepit,
896 2060 997 2120 neque
1012 2060 1119 2101 eorum
1134 2041 1303 2120 quicquam

297 2148 451 2222 omittere,
481 2166 560 2225 quae
588 2148 711 2223 generis
739 2148 806 2208 eius
835 2147 970 2207 artifices
995 2147 1048 2207 vel
1072 2147 1302 2208 conservandae

299 2254 384 2313 vocis
408 2272 501 2313 causa
522 2253 573 2312 vel
594 2253 753 2329 augendae
774 2253 975 2330 factitarent3
999 2253 1052 2312 sed
1073 2258 1105 2312 et
1124 2252 1303 2332 plumbeam

298 2359 440 2419 chartam
455 2359 586 2437 supinus
601 2364 725 2436 pectore
741 2358 905 2433 sustinere,
921 2363 953 2417 et
967 2358 1102 2436 clystere
1121 2358 1303 2435 vomituque
1336 2397 1338 2410 »

253 2480 283 2526 20
298 2464 434 2542 purgari,
450 2468 482 2523 et
503 2464 658 2524 abstinere
678 2464 781 2541 pomis
801 2463 943 2541 cibisque
957 2447 1184 2538 officientibus3
1206 2463 1304 2522 donec

298 2569 478 2629 blandiente
492 2569 636 2646 profectu
655 2571 860 2646 (quamquam
875 2569 1006 2644 exiguae
1021 2568 1107 2628 vocis
1124 2574 1156 2628 et
1176 2569 1299 2647 fuscae)

297 2674 423 2753 prodire
444 2675 476 2733 in
499 2693 643 2733 scaenam
662 2674 831 2752 concupiit,
854 2674 988 2734 subinde
1014 2675 1099 2733 inter
1129 2673 1304 2734 familiares

299 2781 452 2840 Graecum
481 2779 679 2856 proverbium
711 2780 841 2854 iactans
867 2782 998 2839 occultae
1027 2783 1160 2839 mameae
1186 2781 1303 2838 nullum

299 2905 360 2945 esec
374 2894 545 2960 respectum,
585 2886 627 2944 Et
636 2885 742 2962 prodit
753 2885 889 2962 Neapoli
899 2885 1045 2962 primum,
1058 2903 1094 2944 ac
1105 2904 1145 2944 ne
1156 2903 1304 2945 concusso

252 3012 282 3057 ax
298 2990 424 3066 quidem
440 2995 567 3066 repente
582 2994 785 3050 motuterrae
799 2990 924 3050 theatro
940 2995 1013 3049 ante
1029 2995 1155 3050 cantare
1170 2989 1303 3064 destitit,

299 3115 392 3171 quarn
414 3093 595 3154 incohatum
617 3095 793 3156 absolveret
814 3115 937 3155 nomon.
981 3095 1103 3155 Ibidem
1126 3095 1251 3173 saepius
1272 3101 1304 3154 et

299 3220 354 3279 per
374 3200 550 3279 complures
572 3201 712 3262 cantavit
732 3195 817 3278 dies3
841 3207 966 3279 sumpto
986 3201 1081 3261 etiarn
1105 3200 1146 3261 ad
1168 3200 1305 3260 reficien-

299 3307 371 3366 dam
385 3326 492 3366 vocem
508 3308 596 3367 brevi
610 3315 758 3394 ternpore,
774 3309 945 3386 impatiens
962 3307 1073 3368 secreti
1088 3326 1107 3367 a
1121 3305 1256 3367 balineis
1272 3307 1304 3365 in
1347 3286 1349 3288 ⁵

299 3413 459 3490 theatrum
469 3413 606 3488 transiit,
619 3414 782 3492 mediaque
793 3414 826 3473 in
838 3415 998 3475 orchestra
1008 3416 1174 3491 frequente
1189 3412 1305 3491 populo

254 3535 283 3581 30
299 3520 454 3598 epulatus
469 3526 496 3580 st
512 3523 644 3596 paulum
661 3524 843 3597 subdidisset,
859 3525 978 3598 aliquid
996 3542 1026 3582 se
1047 3526 1164 3600 aufferri
1183 3523 1306 3579 tiauilt-

299 3646 368 3686 rrum
387 3627 507 3686 Graeco
527 3645 667 3686 sermone
683 3626 835 3703 promisit.
881 3627 1000 3704 Captus
1015 3633 1120 3687 autem
1134 3625 1305 3687 modulatis

299 3731 585 3791 Alexandrinorum
614 3731 858 3808 laudationibus,
880 3732 936 3809 qui
961 3733 1003 3793 de
1027 3751 1108 3792 novo
1131 3738 1307 3795 commeatu
