3078 4380
292 279 335 344 52
369 256 400 342 c.
423 289 580 341 suarem
603 289 832 350 ranuoomnl
854 289 904 338 nn
928 289 1020 339 viru
1043 289 1245 341 cnnsnaun

292 465 335 524 Et
353 469 389 522 ut
408 461 563 523 laetitiam
583 461 741 540 publicam
761 461 796 520 in
812 466 999 539 perpetuum
1018 480 1142 539 quoque
1162 471 1299 540 augeret,

292 568 407 629 adiecit
421 567 505 626 diem
521 565 740 627 Saturnalibus
754 565 991 644 appellavitque
1006 567 1197 627 Iuvenalem.

333 676 466 734 Munera
483 671 679 748 gladiatoria,
694 671 809 749 partim
826 670 860 730 in
874 671 1108 748 amphitheatro
1122 673 1220 732 Tauri
1233 694 1301 752 par·
1315 685 1352 736 18

291 780 351 840 tim
370 780 405 837 in
427 777 562 855 Saeptis,
584 776 705 853 aliquot
727 775 838 851 edidit,
861 776 975 854 quibus
1000 776 1134 836 inseruit
1158 783 1300 840 catervas

261 891 338 973 ⁶11ss
349 925 445 986 glacia-
520 882 672 942 Afrorum
692 881 985 959 Campanorumque
1002 881 1146 960 pugilum
1165 900 1205 942 ex
1218 889 1301 944 utra·

292 997 473 1048 wnuexnibi·
520 1005 580 1065 que
609 987 734 1062 regione
763 986 1034 1047 electissimorum.
1076 989 1189 1066 Neque
1217 1009 1301 1067 spec

292 1074 360 1122 “⁰¹³⁸
519 1091 634 1152 taculis
654 1110 776 1170 semper
792 1091 861 1169 ipse
881 1092 1050 1170 praesedit,
1066 1093 1121 1152 sed
1140 1094 1299 1155 interdum

293 1206 348 1263 aut
362 1197 598 1275 magistratibus
612 1202 668 1257 aut
682 1196 791 1258 amicis
806 1197 1007 1275 praesidendi
1022 1218 1136 1258 munus
1151 1199 1298 1260 iniunxit.

294 1305 457 1367 Scaenicos
468 1304 560 1364 ludos
574 1308 606 1363 et
620 1302 746 1363 assidue
762 1309 794 1362 et
807 1302 889 1363 varii
904 1303 1028 1381 generis
1043 1323 1079 1364 ac
1090 1304 1299 1365 multifariam

249 1424 277 1469 10
292 1411 378 1485 fecit,
388 1410 546 1487 quondam
561 1413 593 1467 et
606 1413 784 1482 nocturnos,
799 1408 937 1469 accensis
952 1414 1020 1468 tota
1027 1410 1102 1469 urbe
1117 1409 1298 1471 luminibus.

247 1529 249 1534 ·
294 1516 416 1594 Sparsit
436 1519 469 1574 et
489 1512 624 1574 missilia
642 1513 801 1578 variarum
820 1532 933 1589 rerum,
954 1520 986 1574 et
1006 1515 1137 1591 panaria
1157 1533 1228 1598 cum
1251 1516 1301 1576 oo

294 1621 382 1681 senio
395 1619 518 1680 viritim
532 1618 660 1694 divisit3
683 1637 746 1695 qua
759 1617 939 1696 epulatione
954 1619 1055 1697 equiti
1074 1620 1217 1680 Romano
1230 1639 1300 1681 con-

292 1734 343 1786 tra
357 1745 389 1786 se
403 1725 537 1784 hilarius
555 1723 742 1800 avidiusque
756 1723 897 1784 vescenti
916 1730 1022 1801 partes
1037 1744 1110 1785 suas
1130 1725 1228 1802 misit,
1245 1726 1300 1786 sed

293 1838 325 1891 et
349 1830 486 1891 senatori
509 1830 549 1890 ob
570 1829 702 1912 eandem
727 1848 853 1889 causam
881 1829 1052 1904 codicillos,
1075 1830 1189 1906 quibus
1214 1851 1300 1910 prae

249 1947 277 1992 15
292 1942 392 1995 torem
421 1955 491 1995 eum
519 1940 610 1994 extra
635 1933 776 1993 ordinem
805 1933 1001 2009 designabat.
1042 1935 1154 1994 Edidit
1183 1941 1215 1995 et
1243 1937 1300 1995 eir-

293 2060 399 2102 censes
421 2040 574 2118 plurimos
599 2058 618 2099 a
641 2057 732 2116 mane
754 2040 794 2098 ad
818 2058 990 2116 vesperam,
1016 2039 1183 2100 interiecta
1206 2042 1299 2101 modo

292 2146 516 2206 Africanarum
530 2144 696 2204 venatione
713 2144 805 2204 modo
823 2144 935 2204 Troiae
953 2144 1144 2220 decursione,
1160 2151 1191 2206 et
1210 2166 1300 2224 quos·

292 2252 364 2312 dam
381 2251 574 2329 praecipuos,
590 2249 688 2309 minio
703 2255 734 2309 et
749 2249 944 2328 chrysocolla
958 2256 1117 2311 constrato
1136 2250 1227 2326 circo,
1242 2270 1299 2312 neo

292 2355 367 2416 ullis
382 2357 498 2416 nisiex
516 2356 672 2415 senatorio
686 2355 795 2414 ordine
813 2354 1039 2432 aurigantibus.
1083 2356 1248 2417 Commisit
1267 2361 1299 2416 et

246 2475 276 2520 ao
292 2462 422 2537 subitos,
443 2481 513 2521 cum
532 2480 549 2520 e
566 2460 734 2524 Gelotiana
751 2466 937 2538 apparatum
960 2460 1035 2521 circi
1053 2461 1299 2538 prospicientem

291 2567 382 2645 pauci
397 2586 436 2627 ex
449 2566 603 2644 proximis
619 2565 796 2626 Maenianis
811 2567 1032 2644 postulassent.

330 2674 457 2733 Novum
472 2678 632 2751 praeterea
647 2677 740 2749 atque
755 2671 933 2732 inauditum
949 2691 1046 2748 genus
1061 2672 1233 2750 spectaculi
1249 2689 1351 2743 err-19

291 2778 450 2855 cogitavit.
493 2779 576 2837 Nam
592 2777 741 2836 Baiarum
756 2777 894 2837 medium
908 2777 1111 2837 intervallum
1128 2779 1169 2838 ad
1187 2780 1299 2839 Puteo

290 2925 431 2986 ffisbnnge
515 2882 603 2943 lanas
629 2882 735 2957 moles,
761 2883 856 2942 trium
883 2883 1007 2943 milium
1031 2890 1063 2942 et
1086 2891 1298 2946 sescentorum

245 2997 274 3043 25
289 2998 354 3047 from
363 3000 441 3047 Baiae
515 2989 582 3048 fere
596 3007 746 3066 passuum
763 2989 911 3067 spatium,
925 2995 1021 3067 ponte
1041 2990 1213 3066 coniunxit,
1229 3010 1298 3051 con·

289 3074 427 3122 *σηοω
515 3093 626 3154 tractis
648 3095 787 3172 undique
808 3094 958 3155 onerariis
979 3095 1114 3156 navibus
1135 3101 1167 3156 et
1188 3097 1297 3156 ordine

290 3198 410 3276 duplici
447 3199 488 3258 ad
525 3218 653 3260 ancoras
692 3200 872 3276 conlocatis,
912 3201 1148 3280 superiectoque
1185 3221 1297 3278 aggere

288 3309 413 3363 terreno
437 3323 472 3364 ac
498 3304 616 3364 directo
638 3305 673 3364 in
693 3307 817 3384 Appiae
838 3307 917 3368 Viae
941 3307 1083 3367 formam.
1126 3309 1188 3366 Per
1211 3307 1297 3368 hunc

289 3414 415 3487 pontem
440 3409 525 3469 ultro
548 3409 628 3470 citro
652 3412 839 3472 commeavit
864 3412 960 3473 biduo
984 3413 1168 3489 continenti,
1194 3414 1297 3492 primo

243 3526 273 3572 ao
288 3514 340 3575 die
355 3514 518 3592 phalerato
530 3533 609 3594 equo
623 3516 821 3596 insignisque
835 3537 968 3597 quercea
982 3538 1095 3579 corona
1106 3525 1138 3580 et
1149 3526 1253 3580 caetra
1263 3525 1296 3581 et

262 3616 266 3625 ’
288 3619 393 3697 gladio
417 3639 572 3698 aureaque
594 3620 770 3700 chlamyde,
785 3622 937 3700 postridie
958 3623 1159 3702 quadrigario
1183 3624 1296 3686 habitu

288 3724 504 3803 curriculoque
524 3725 625 3802 biiugi
645 3727 838 3788 famosorum
858 3745 1017 3806 equorum,
1039 3747 1115 3808 pree
1131 3749 1169 3792 se
1189 3730 1295 3793 ferens
