<?xml version="1.0" encoding="UTF-8"?>
<!DOCTYPE html PUBLIC "-//W3C//DTD XHTML 1.0 Transitional//EN"
    "http://www.w3.org/TR/xhtml1/DTD/xhtml1-transitional.dtd">
<html xmlns="http://www.w3.org/1999/xhtml" xml:lang="en" lang="en">
 <head>
  <title>
</title>
<meta http-equiv="Content-Type" content="text/html;charset=utf-8" />
  <meta name='ocr-system' content='tesseract 3.04.00' />
  <meta name='ocr-capabilities' content='ocr_page ocr_carea ocr_par ocr_line ocrx_word'/>
</head>
<body>
  <div class='ocr_page' id='page_1' title='image "./gaisuetonitranq01pikegoog_0155.png"; bbox 0 0 3106 4378; ppageno 0'>
   <div class='ocr_carea' id='block_1_1' title="bbox 595 284 1272 350">
    <p class='ocr_par' dir='ltr' id='par_1_1' title="bbox 595 284 1272 350">
     <span class='ocr_line' id='line_1_1' title="bbox 595 284 1272 350; baseline 0 -1"><span class='ocrx_word' id='word_1_1' title='bbox 595 300 707 350; x_wconf 78' lang='lat' dir='ltr'>ninas</span> <span class='ocrx_word' id='word_1_2' title='bbox 730 299 778 350; x_wconf 83' lang='lat' dir='ltr'>vr.</span> <span class='ocrx_word' id='word_1_3' title='bbox 831 299 937 350; x_wconf 86' lang='lat' dir='ltr'>nnuc.</span> <span class='ocrx_word' id='word_1_4' title='bbox 1209 284 1272 349; x_wconf 77' lang='lat'>123</span> 
     </span>
    </p>
   </div>
   <div class='ocr_carea' id='block_1_2' title="bbox 225 469 1315 3808">
    <p class='ocr_par' dir='ltr' id='par_1_2' title="bbox 261 469 1315 1913">
     <span class='ocr_line' id='line_1_2' title="bbox 265 469 1272 548; baseline 0 -20"><span class='ocrx_word' id='word_1_5' title='bbox 265 469 392 530; x_wconf 91' lang='lat' dir='ltr'>domum</span> <span class='ocrx_word' id='word_1_6' title='bbox 420 489 439 530; x_wconf 90' lang='lat' dir='ltr'>a</span> <span class='ocrx_word' id='word_1_7' title='bbox 464 470 590 530; x_wconf 90' lang='lat' dir='ltr'>Palatio</span> <span class='ocrx_word' id='word_1_8' title='bbox 616 471 777 548; x_wconf 86' lang='lat' dir='ltr'>Esquilias</span> <span class='ocrx_word' id='word_1_9' title='bbox 805 490 904 548; x_wconf 88' lang='lat' dir='ltr'>usque</span> <span class='ocrx_word' id='word_1_10' title='bbox 933 471 1019 544; x_wconf 86' lang='lat' dir='ltr'>fecit,</span> <span class='ocrx_word' id='word_1_11' title='bbox 1048 490 1142 548; x_wconf 93' lang='lat' dir='ltr'>quam</span> <span class='ocrx_word' id='word_1_12' title='bbox 1170 470 1272 548; x_wconf 90' lang='lat' dir='ltr'>primo</span> 
     </span>
     <span class='ocr_line' id='line_1_3' title="bbox 265 576 1046 654; baseline 0.001 -21"><span class='ocrx_word' id='word_1_13' title='bbox 265 579 483 652; x_wconf 75' lang='lat' dir='ltr'><em>transitoriam,</em></span> <span class='ocrx_word' id='word_1_14' title='bbox 510 595 582 635; x_wconf 83' lang='lat' dir='ltr'>mox</span> <span class='ocrx_word' id='word_1_15' title='bbox 607 576 753 636; x_wconf 91' lang='lat' dir='ltr'>incendio</span> <span class='ocrx_word' id='word_1_16' title='bbox 778 577 977 654; x_wconf 79' lang='lat' dir='ltr'><strong>absumptam</strong></span> <span class='ocrx_word' id='word_1_17' title='bbox 1001 594 1046 634; x_wconf 90' lang='lat' dir='ltr'>re-</span> 
     </span>
     <span class='ocr_line' id='line_1_4' title="bbox 265 680 1044 758; baseline 0 -18"><span class='ocrx_word' id='word_1_18' title='bbox 265 680 472 758; x_wconf 89' lang='lat' dir='ltr'>stitutamque</span> <span class='ocrx_word' id='word_1_19' title='bbox 498 701 624 741; x_wconf 78' lang='lat' dir='ltr'><strong><em>auream</em></strong></span> <span class='ocrx_word' id='word_1_20' title='bbox 653 682 836 741; x_wconf 89' lang='lat' dir='ltr'>nominavit.</span> <span class='ocrx_word' id='word_1_21' title='bbox 880 683 928 740; x_wconf 92' lang='lat' dir='ltr'>De</span> <span class='ocrx_word' id='word_1_22' title='bbox 957 681 1044 740; x_wconf 92' lang='lat' dir='ltr'>cuius</span> 
     </span>
     <span class='ocr_line' id='line_1_5' title="bbox 265 786 1042 863; baseline 0 -19"><span class='ocrx_word' id='word_1_23' title='bbox 265 786 368 863; x_wconf 89' lang='lat' dir='ltr'>spatio</span> <span class='ocrx_word' id='word_1_24' title='bbox 387 791 481 863; x_wconf 90' lang='lat' dir='ltr'>atque</span> <span class='ocrx_word' id='word_1_25' title='bbox 503 786 591 845; x_wconf 90' lang='lat' dir='ltr'>cultu</span> <span class='ocrx_word' id='word_1_26' title='bbox 613 786 772 846; x_wconf 83' lang='lat' dir='ltr'>suffecerit</span> <span class='ocrx_word' id='word_1_27' title='bbox 793 786 869 849; x_wconf 89' lang='lat' dir='ltr'>haec</span> <span class='ocrx_word' id='word_1_28' title='bbox 888 786 1042 846; x_wconf 89' lang='lat' dir='ltr'>retulisse.</span> 
     </span>
     <span class='ocr_line' id='line_1_6' title="bbox 264 890 1301 968; baseline -0.002 -18"><span class='ocrx_word' id='word_1_29' title='bbox 264 890 465 950; x_wconf 79' lang='lat' dir='ltr'>Vestibulum</span> <span class='ocrx_word' id='word_1_30' title='bbox 484 891 551 950; x_wconf 92' lang='lat' dir='ltr'>eius</span> <span class='ocrx_word' id='word_1_31' title='bbox 567 891 639 965; x_wconf 84' lang='lat' dir='ltr'>fuit,</span> <span class='ocrx_word' id='word_1_32' title='bbox 654 890 765 968; x_wconf 90' lang='lat' dir='ltr'>inquo</span> <span class='ocrx_word' id='word_1_33' title='bbox 783 891 922 950; x_wconf 89' lang='lat' dir='ltr'>colossus</span> <span class='ocrx_word' id='word_1_34' title='bbox 938 890 1028 950; x_wconf 86' lang='lat' dir='ltr'>CXX</span> <span class='ocrx_word' id='word_1_35' title='bbox 1042 891 1158 968; x_wconf 90' lang='lat' dir='ltr'>pedum</span> <span class='ocrx_word' id='word_1_36' title='bbox 1174 897 1271 951; x_wconf 89' lang='lat' dir='ltr'>staret</span> <span class='ocrx_word' id='word_1_37' title='bbox 1287 904 1301 948; x_wconf 88' lang='lat'><strong>5</strong></span> 
     </span>
     <span class='ocr_line' id='line_1_7' title="bbox 263 994 1270 1074; baseline 0.004 -22"><span class='ocrx_word' id='word_1_38' title='bbox 263 994 363 1073; x_wconf 88' lang='lat' dir='ltr'>ipsius</span> <span class='ocrx_word' id='word_1_39' title='bbox 379 994 496 1072; x_wconf 88' lang='lat' dir='ltr'>effigie;</span> <span class='ocrx_word' id='word_1_40' title='bbox 519 1001 610 1056; x_wconf 87' lang='lat' dir='ltr'>tanta</span> <span class='ocrx_word' id='word_1_41' title='bbox 624 995 749 1070; x_wconf 68' lang='lat' dir='ltr'>laxitas</span> <span class='ocrx_word' id='word_1_42' title='bbox 761 1001 797 1054; x_wconf 94' lang='lat' dir='ltr'>ut</span> <span class='ocrx_word' id='word_1_43' title='bbox 811 995 950 1074; x_wconf 88' lang='lat' dir='ltr'>porticus</span> <span class='ocrx_word' id='word_1_44' title='bbox 962 994 1103 1073; x_wconf 77' lang='lat' dir='ltr'><strong>triplices</strong></span> <span class='ocrx_word' id='word_1_45' title='bbox 1115 995 1270 1056; x_wconf 83' lang='lat' dir='ltr'>miliarias</span> 
     </span>
     <span class='ocr_line' id='line_1_8' title="bbox 263 1099 1270 1178; baseline 0.001 -19"><span class='ocrx_word' id='word_1_46' title='bbox 263 1099 409 1175; x_wconf 89' lang='lat' dir='ltr'>haberet;</span> <span class='ocrx_word' id='word_1_47' title='bbox 445 1100 523 1160; x_wconf 91' lang='lat' dir='ltr'>item</span> <span class='ocrx_word' id='word_1_48' title='bbox 559 1106 704 1177; x_wconf 79' lang='lat' dir='ltr'>stagnum</span> <span class='ocrx_word' id='word_1_49' title='bbox 740 1100 835 1160; x_wconf 91' lang='lat' dir='ltr'>maris</span> <span class='ocrx_word' id='word_1_50' title='bbox 870 1100 980 1175; x_wconf 87' lang='lat' dir='ltr'>instar,</span> <span class='ocrx_word' id='word_1_51' title='bbox 1009 1101 1270 1178; x_wconf 79' lang='lat' dir='ltr'>circumsaeptum</span> 
     </span>
     <span class='ocr_line' id='line_1_9' title="bbox 263 1201 1292 1284; baseline 0 -20"><span class='ocrx_word' id='word_1_52' title='bbox 263 1205 414 1267; x_wconf 89' lang='lat' dir='ltr'>aedificiis</span> <span class='ocrx_word' id='word_1_53' title='bbox 436 1206 476 1266; x_wconf 93' lang='lat' dir='ltr'>ad</span> <span class='ocrx_word' id='word_1_54' title='bbox 499 1205 622 1266; x_wconf 90' lang='lat' dir='ltr'>urbium</span> <span class='ocrx_word' id='word_1_55' title='bbox 645 1206 797 1282; x_wconf 83' lang='lat' dir='ltr'>speciem3</span> <span class='ocrx_word' id='word_1_56' title='bbox 820 1224 895 1265; x_wconf 90' lang='lat' dir='ltr'>rura</span> <span class='ocrx_word' id='word_1_57' title='bbox 908 1206 1052 1284; x_wconf 86' lang='lat' dir='ltr'>insuper,</span> <span class='ocrx_word' id='word_1_58' title='bbox 1072 1205 1156 1266; x_wconf 90' lang='lat' dir='ltr'>arvis</span> <span class='ocrx_word' id='word_1_59' title='bbox 1177 1201 1292 1282; x_wconf 84' lang='lat' dir='ltr'>atque</span> 
     </span>
     <span class='ocr_line' id='line_1_10' title="bbox 263 1310 1270 1388; baseline 0.003 -20"><span class='ocrx_word' id='word_1_60' title='bbox 263 1313 378 1370; x_wconf 87' lang='lat' dir='ltr'>vinetis</span> <span class='ocrx_word' id='word_1_61' title='bbox 392 1317 425 1370; x_wconf 89' lang='lat' dir='ltr'>ct</span> <span class='ocrx_word' id='word_1_62' title='bbox 444 1312 569 1388; x_wconf 90' lang='lat' dir='ltr'>pascuis</span> <span class='ocrx_word' id='word_1_63' title='bbox 586 1310 737 1388; x_wconf 89' lang='lat' dir='ltr'>silvisque</span> <span class='ocrx_word' id='word_1_64' title='bbox 752 1311 848 1385; x_wconf 86' lang='lat' dir='ltr'>varia,</span> <span class='ocrx_word' id='word_1_65' title='bbox 864 1329 933 1370; x_wconf 91' lang='lat' dir='ltr'>eum</span> <span class='ocrx_word' id='word_1_66' title='bbox 949 1310 1155 1370; x_wconf 84' lang='lat' dir='ltr'>multitudine</span> <span class='ocrx_word' id='word_1_67' title='bbox 1170 1311 1270 1371; x_wconf 89' lang='lat' dir='ltr'>omnis</span> 
     </span>
     <span class='ocr_line' id='line_1_11' title="bbox 262 1416 1315 1494; baseline 0 -20"><span class='ocrx_word' id='word_1_68' title='bbox 262 1418 384 1490; x_wconf 89' lang='lat' dir='ltr'>generis</span> <span class='ocrx_word' id='word_1_69' title='bbox 399 1417 553 1494; x_wconf 78' lang='lat' dir='ltr'>pecudum</span> <span class='ocrx_word' id='word_1_70' title='bbox 569 1435 604 1476; x_wconf 88' lang='lat' dir='ltr'>ac</span> <span class='ocrx_word' id='word_1_71' title='bbox 619 1417 766 1476; x_wconf 85' lang='lat' dir='ltr'>ferarum.</span> <span class='ocrx_word' id='word_1_72' title='bbox 810 1417 850 1474; x_wconf 90' lang='lat' dir='ltr'>In</span> <span class='ocrx_word' id='word_1_73' title='bbox 867 1417 979 1476; x_wconf 89' lang='lat' dir='ltr'>ceteris</span> <span class='ocrx_word' id='word_1_74' title='bbox 1001 1416 1143 1494; x_wconf 86' lang='lat' dir='ltr'>partibus</span> <span class='ocrx_word' id='word_1_75' title='bbox 1159 1421 1271 1476; x_wconf 90' lang='lat' dir='ltr'>cuncta</span> <span class='ocrx_word' id='word_1_76' title='bbox 1287 1429 1315 1474; x_wconf 92' lang='lat'>10</span> 
     </span>
     <span class='ocr_line' id='line_1_12' title="bbox 262 1519 1268 1598; baseline 0.001 -19"><span class='ocrx_word' id='word_1_77' title='bbox 262 1539 337 1580; x_wconf 87' lang='lat' dir='ltr'>auro</span> <span class='ocrx_word' id='word_1_78' title='bbox 362 1521 427 1595; x_wconf 87' lang='lat' dir='ltr'>lita,</span> <span class='ocrx_word' id='word_1_79' title='bbox 452 1522 603 1580; x_wconf 87' lang='lat' dir='ltr'>distincta</span> <span class='ocrx_word' id='word_1_80' title='bbox 624 1521 756 1597; x_wconf 90' lang='lat' dir='ltr'>gemmis</span> <span class='ocrx_word' id='word_1_81' title='bbox 780 1519 993 1598; x_wconf 89' lang='lat' dir='ltr'>unionumque</span> <span class='ocrx_word' id='word_1_82' title='bbox 1015 1521 1142 1580; x_wconf 89' lang='lat' dir='ltr'>conchis</span> <span class='ocrx_word' id='word_1_83' title='bbox 1164 1526 1253 1580; x_wconf 90' lang='lat' dir='ltr'>erant</span> <span class='ocrx_word' id='word_1_84' title='bbox 1260 1543 1268 1596; x_wconf 84' lang='lat'>3</span> 
     </span>
     <span class='ocr_line' id='line_1_13' title="bbox 261 1625 1270 1703; baseline 0 -19"><span class='ocrx_word' id='word_1_85' title='bbox 261 1626 440 1686; x_wconf 82' lang='lat' dir='ltr'>cenationes</span> <span class='ocrx_word' id='word_1_86' title='bbox 468 1626 630 1703; x_wconf 83' lang='lat' dir='ltr'>laqueatae</span> <span class='ocrx_word' id='word_1_87' title='bbox 659 1627 777 1686; x_wconf 89' lang='lat' dir='ltr'>tabulis</span> <span class='ocrx_word' id='word_1_88' title='bbox 813 1627 958 1686; x_wconf 84' lang='lat' dir='ltr'>eburneis</span> <span class='ocrx_word' id='word_1_89' title='bbox 993 1625 1206 1702; x_wconf 83' lang='lat' dir='ltr'>versatilibus,</span> <span class='ocrx_word' id='word_1_90' title='bbox 1234 1631 1270 1684; x_wconf 91' lang='lat' dir='ltr'>ut</span> 
     </span>
     <span class='ocr_line' id='line_1_14' title="bbox 261 1728 1271 1809; baseline 0.004 -22"><span class='ocrx_word' id='word_1_91' title='bbox 261 1728 361 1805; x_wconf 87' lang='lat' dir='ltr'>flores,</span> <span class='ocrx_word' id='word_1_92' title='bbox 375 1730 535 1805; x_wconf 86' lang='lat' dir='ltr'>fistulatis,</span> <span class='ocrx_word' id='word_1_93' title='bbox 550 1737 587 1790; x_wconf 89' lang='lat' dir='ltr'>ut</span> <span class='ocrx_word' id='word_1_94' title='bbox 600 1738 763 1806; x_wconf 88' lang='lat' dir='ltr'>unguenta</span> <span class='ocrx_word' id='word_1_95' title='bbox 777 1732 910 1808; x_wconf 89' lang='lat' dir='ltr'>desuper</span> <span class='ocrx_word' id='word_1_96' title='bbox 926 1736 1163 1809; x_wconf 89' lang='lat' dir='ltr'>spargerentur;</span> <span class='ocrx_word' id='word_1_97' title='bbox 1185 1749 1271 1809; x_wconf 90' lang='lat' dir='ltr'>prae·</span> 
     </span>
     <span class='ocr_line' id='line_1_15' title="bbox 261 1834 1270 1913; baseline 0.002 -20"><span class='ocrx_word' id='word_1_98' title='bbox 261 1834 354 1913; x_wconf 93' lang='lat' dir='ltr'>cipua</span> <span class='ocrx_word' id='word_1_99' title='bbox 373 1836 572 1895; x_wconf 89' lang='lat' dir='ltr'>cenationum</span> <span class='ocrx_word' id='word_1_100' title='bbox 590 1837 733 1912; x_wconf 87' lang='lat' dir='ltr'>rotunda,</span> <span class='ocrx_word' id='word_1_101' title='bbox 750 1855 830 1913; x_wconf 89' lang='lat' dir='ltr'>quae</span> <span class='ocrx_word' id='word_1_102' title='bbox 849 1841 1000 1913; x_wconf 86' lang='lat' dir='ltr'>perpetuo</span> <span class='ocrx_word' id='word_1_103' title='bbox 1018 1835 1128 1896; x_wconf 89' lang='lat' dir='ltr'>dicbus</span> <span class='ocrx_word' id='word_1_104' title='bbox 1148 1854 1183 1896; x_wconf 89' lang='lat' dir='ltr'>ac</span> <span class='ocrx_word' id='word_1_105' title='bbox 1201 1855 1270 1895; x_wconf 89' lang='lat' dir='ltr'>noc·</span> 
     </span>
    </p>

    <p class='ocr_par' dir='ltr' id='par_1_3' title="bbox 225 1938 1315 2342">
     <span class='ocr_line' id='line_1_16' title="bbox 225 1938 1315 2017; baseline 0.003 -19"><span class='ocrx_word' id='word_1_106' title='bbox 225 1974 228 1978; x_wconf 83' lang='lat'>.</span> <span class='ocrx_word' id='word_1_107' title='bbox 260 1938 346 2000; x_wconf 88' lang='lat' dir='ltr'>tibus</span> <span class='ocrx_word' id='word_1_108' title='bbox 375 1941 442 2000; x_wconf 88' lang='lat' dir='ltr'>vice</span> <span class='ocrx_word' id='word_1_109' title='bbox 471 1941 580 2000; x_wconf 92' lang='lat' dir='ltr'>mundi</span> <span class='ocrx_word' id='word_1_110' title='bbox 604 1942 883 2017; x_wconf 87' lang='lat' dir='ltr'>circu1uageretur;</span> <span class='ocrx_word' id='word_1_111' title='bbox 912 1941 1054 2000; x_wconf 89' lang='lat' dir='ltr'>balineae</span> <span class='ocrx_word' id='word_1_112' title='bbox 1083 1940 1213 2000; x_wconf 90' lang='lat' dir='ltr'>marinis</span> <span class='ocrx_word' id='word_1_113' title='bbox 1238 1946 1270 1999; x_wconf 89' lang='lat' dir='ltr'>et</span> <span class='ocrx_word' id='word_1_114' title='bbox 1286 1957 1315 2001; x_wconf 83' lang='lat'>15</span> 
     </span>
     <span class='ocr_line' id='line_1_17' title="bbox 261 2044 1268 2122; baseline -0.001 -19"><span class='ocrx_word' id='word_1_115' title='bbox 261 2044 374 2104; x_wconf 89' lang='lat' dir='ltr'>albulis</span> <span class='ocrx_word' id='word_1_116' title='bbox 389 2045 521 2105; x_wconf 90' lang='lat' dir='ltr'>fluentes</span> <span class='ocrx_word' id='word_1_117' title='bbox 537 2047 636 2122; x_wconf 80' lang='lat' dir='ltr'>aquis,</span> <span class='ocrx_word' id='word_1_118' title='bbox 676 2046 754 2105; x_wconf 86' lang='lat' dir='ltr'>Eius</span> <span class='ocrx_word' id='word_1_119' title='bbox 766 2046 850 2105; x_wconf 91' lang='lat' dir='ltr'>modi</span> <span class='ocrx_word' id='word_1_120' title='bbox 866 2045 992 2104; x_wconf 90' lang='lat' dir='ltr'>domum</span> <span class='ocrx_word' id='word_1_121' title='bbox 1007 2064 1077 2104; x_wconf 90' lang='lat' dir='ltr'>cum</span> <span class='ocrx_word' id='word_1_122' title='bbox 1093 2046 1268 2105; x_wconf 91' lang='lat' dir='ltr'>absolutam</span> 
     </span>
     <span class='ocr_line' id='line_1_18' title="bbox 260 2129 1269 2227; baseline 0 -19"><span class='ocrx_word' id='word_1_123' title='bbox 260 2148 427 2224; x_wconf 84' lang='lat' dir='ltr'>dedicaret,</span> <span class='ocrx_word' id='word_1_124' title='bbox 439 2150 591 2210; x_wconf 90' lang='lat' dir='ltr'>hactenus</span> <span class='ocrx_word' id='word_1_125' title='bbox 607 2150 830 2227; x_wconf 80' lang='lat' dir='ltr'>comprobavit,</span> <span class='ocrx_word' id='word_1_126' title='bbox 845 2157 881 2210; x_wconf 88' lang='lat' dir='ltr'>ut</span> <span class='ocrx_word' id='word_1_127' title='bbox 895 2170 925 2209; x_wconf 87' lang='lat' dir='ltr'>se</span> <span class='ocrx_word' id='word_1_128' title='bbox 940 2150 1059 2210; x_wconf 88' lang='lat' dir='ltr'>diceret</span> <span class='ocrx_word' id='word_1_129' title='bbox 1073 2154 1163 2225; x_wconf 84' lang='lat' dir='ltr'>quasi</span> <span class='ocrx_word' id='word_1_130' title='bbox 1177 2129 1269 2210; x_wconf 75' lang='lat' dir='ltr'>leomi-</span> 
     </span>
     <span class='ocr_line' id='line_1_19' title="bbox 252 2258 764 2342; baseline 0.004 -30"><span class='ocrx_word' id='word_1_131' title='bbox 252 2273 327 2342; x_wconf 70' lang='lat' dir='ltr'>pem</span> <span class='ocrx_word' id='word_1_132' title='bbox 341 2258 462 2314; x_wconf 81' lang='lat' dir='ltr'>tandem</span> <span class='ocrx_word' id='word_1_133' title='bbox 477 2258 612 2334; x_wconf 71' lang='lat' dir='ltr'>dubitare</span> <span class='ocrx_word' id='word_1_134' title='bbox 628 2260 764 2331; x_wconf 80' lang='lat' dir='ltr'>coepisse.</span> 
     </span>
    </p>

    <p class='ocr_par' dir='ltr' id='par_1_4' title="bbox 258 2356 1314 3282">
     <span class='ocr_line' id='line_1_20' title="bbox 275 2356 1272 2446; baseline 0.003 -29"><span class='ocrx_word' id='word_1_135' title='bbox 275 2356 299 2406; x_wconf 70' lang='lat' dir='ltr'><em>s</em></span> <span class='ocrx_word' id='word_1_136' title='bbox 300 2359 468 2420; x_wconf 87' lang='lat' dir='ltr'>Praeterea</span> <span class='ocrx_word' id='word_1_137' title='bbox 489 2360 658 2420; x_wconf 89' lang='lat' dir='ltr'>incohabat</span> <span class='ocrx_word' id='word_1_138' title='bbox 682 2361 836 2438; x_wconf 88' lang='lat' dir='ltr'>piscinam</span> <span class='ocrx_word' id='word_1_139' title='bbox 859 2381 878 2421; x_wconf 95' lang='lat' dir='ltr'>a</span> <span class='ocrx_word' id='word_1_140' title='bbox 898 2362 1023 2422; x_wconf 89' lang='lat' dir='ltr'>Miseno</span> <span class='ocrx_word' id='word_1_141' title='bbox 1036 2361 1083 2429; x_wconf 85' lang='lat' dir='ltr'>¹ad</span> <span class='ocrx_word' id='word_1_142' title='bbox 1106 2361 1272 2446; x_wconf 14' lang='lat' dir='ltr'>Avernum?</span> 
     </span>
     <span class='ocr_line' id='line_1_21' title="bbox 261 2464 1314 2543; baseline 0 -20"><span class='ocrx_word' id='word_1_143' title='bbox 261 2464 371 2540; x_wconf 88' lang='lat' dir='ltr'>lacum,</span> <span class='ocrx_word' id='word_1_144' title='bbox 387 2470 561 2525; x_wconf 90' lang='lat' dir='ltr'>contectam</span> <span class='ocrx_word' id='word_1_145' title='bbox 582 2466 816 2543; x_wconf 91' lang='lat' dir='ltr'>porticibusque</span> <span class='ocrx_word' id='word_1_146' title='bbox 833 2466 1020 2542; x_wconf 80' lang='lat' dir='ltr'>conclusam,</span> <span class='ocrx_word' id='word_1_147' title='bbox 1036 2486 1098 2543; x_wconf 92' lang='lat' dir='ltr'>quo</span> <span class='ocrx_word' id='word_1_148' title='bbox 1113 2467 1269 2543; x_wconf 91' lang='lat' dir='ltr'>quidquid</span> <span class='ocrx_word' id='word_1_149' title='bbox 1285 2480 1314 2523; x_wconf 80' lang='lat'>20</span> 
     </span>
     <span class='ocr_line' id='line_1_22' title="bbox 260 2570 1042 2648; baseline 0.003 -20"><span class='ocrx_word' id='word_1_150' title='bbox 260 2570 334 2630; x_wconf 87' lang='lat' dir='ltr'>totis</span> <span class='ocrx_word' id='word_1_151' title='bbox 351 2571 437 2630; x_wconf 90' lang='lat' dir='ltr'>Baiis</span> <span class='ocrx_word' id='word_1_152' title='bbox 455 2570 628 2630; x_wconf 90' lang='lat' dir='ltr'>calidarum</span> <span class='ocrx_word' id='word_1_153' title='bbox 649 2590 801 2648; x_wconf 90' lang='lat' dir='ltr'>aquarum</span> <span class='ocrx_word' id='word_1_154' title='bbox 820 2577 903 2631; x_wconf 92' lang='lat' dir='ltr'>esset</span> <span class='ocrx_word' id='word_1_155' title='bbox 918 2590 1042 2638; x_wconf 88' lang='lat' dir='ltr'>conver·</span> 
     </span>
     <span class='ocr_line' id='line_1_23' title="bbox 259 2676 1041 2753; baseline 0.003 -20"><span class='ocrx_word' id='word_1_156' title='bbox 259 2680 393 2750; x_wconf 88' lang='lat' dir='ltr'>teretur;</span> <span class='ocrx_word' id='word_1_157' title='bbox 416 2677 534 2736; x_wconf 78' lang='lat' dir='ltr'>fossarii</span> <span class='ocrx_word' id='word_1_158' title='bbox 549 2677 588 2735; x_wconf 92' lang='lat' dir='ltr'>ab</span> <span class='ocrx_word' id='word_1_159' title='bbox 604 2677 731 2736; x_wconf 88' lang='lat' dir='ltr'>Averno</span> <span class='ocrx_word' id='word_1_160' title='bbox 747 2676 870 2736; x_wconf 89' lang='lat' dir='ltr'>Ostiam</span> <span class='ocrx_word' id='word_1_161' title='bbox 885 2695 993 2753; x_wconf 90' lang='lat' dir='ltr'>usque,</span> <span class='ocrx_word' id='word_1_162' title='bbox 1005 2681 1041 2735; x_wconf 91' lang='lat' dir='ltr'>ut</span> 
     </span>
     <span class='ocr_line' id='line_1_24' title="bbox 259 2780 1267 2859; baseline 0.002 -21"><span class='ocrx_word' id='word_1_163' title='bbox 259 2780 392 2839; x_wconf 90' lang='lat' dir='ltr'>navibus</span> <span class='ocrx_word' id='word_1_164' title='bbox 413 2799 469 2840; x_wconf 90' lang='lat' dir='ltr'>uec</span> <span class='ocrx_word' id='word_1_165' title='bbox 488 2787 596 2841; x_wconf 89' lang='lat' dir='ltr'>tamen</span> <span class='ocrx_word' id='word_1_166' title='bbox 616 2783 695 2841; x_wconf 89' lang='lat' dir='ltr'>mari</span> <span class='ocrx_word' id='word_1_167' title='bbox 714 2781 824 2857; x_wconf 89' lang='lat' dir='ltr'>iretur,</span> <span class='ocrx_word' id='word_1_168' title='bbox 840 2781 1048 2856; x_wconf 87' lang='lat' dir='ltr'>longitudinis</span> <span class='ocrx_word' id='word_1_169' title='bbox 1066 2800 1122 2859; x_wconf 89' lang='lat' dir='ltr'>per</span> <span class='ocrx_word' id='word_1_170' title='bbox 1141 2787 1267 2841; x_wconf 91' lang='lat' dir='ltr'>centum</span> 
     </span>
     <span class='ocr_line' id='line_1_25' title="bbox 260 2865 1268 2965; baseline 0.004 -23"><span class='ocrx_word' id='word_1_171' title='bbox 260 2884 423 2960; x_wconf 85' lang='lat' dir='ltr'>sexaginta</span> <span class='ocrx_word' id='word_1_172' title='bbox 438 2885 535 2960; x_wconf 89' lang='lat' dir='ltr'>milia,</span> <span class='ocrx_word' id='word_1_173' title='bbox 551 2865 742 2961; x_wconf 85' lang='lat' dir='ltr'>latitudiuis,</span> <span class='ocrx_word' id='word_1_174' title='bbox 760 2906 823 2964; x_wconf 91' lang='lat' dir='ltr'>qua</span> <span class='ocrx_word' id='word_1_175' title='bbox 837 2887 1011 2947; x_wconf 89' lang='lat' dir='ltr'>contrariae</span> <span class='ocrx_word' id='word_1_176' title='bbox 1027 2887 1268 2965; x_wconf 90' lang='lat' dir='ltr'>quinqueremes</span> 
     </span>
     <span class='ocr_line' id='line_1_26' title="bbox 258 2990 1313 3070; baseline 0.007 -23"><span class='ocrx_word' id='word_1_177' title='bbox 258 2996 474 3049; x_wconf 86' lang='lat' dir='ltr'>commearent.</span> <span class='ocrx_word' id='word_1_178' title='bbox 531 2990 670 3060; x_wconf 76' lang='lat' dir='ltr'>Quorum</span> <span class='ocrx_word' id='word_1_179' title='bbox 707 3011 835 3070; x_wconf 89' lang='lat' dir='ltr'>operum</span> <span class='ocrx_word' id='word_1_180' title='bbox 870 2991 1131 3070; x_wconf 92' lang='lat' dir='ltr'>perficiendorum</span> <span class='ocrx_word' id='word_1_181' title='bbox 1166 2993 1269 3068; x_wconf 89' lang='lat' dir='ltr'>gratia</span> <span class='ocrx_word' id='word_1_182' title='bbox 1283 3009 1313 3054; x_wconf 78' lang='lat'>25</span> 
     </span>
     <span class='ocr_line' id='line_1_27' title="bbox 259 3094 1267 3176; baseline 0.004 -24"><span class='ocrx_word' id='word_1_183' title='bbox 259 3094 342 3170; x_wconf 93' lang='lat' dir='ltr'>quod</span> <span class='ocrx_word' id='word_1_184' title='bbox 360 3095 476 3171; x_wconf 89' lang='lat' dir='ltr'>ubique</span> <span class='ocrx_word' id='word_1_185' title='bbox 496 3102 579 3157; x_wconf 86' lang='lat' dir='ltr'>esset</span> <span class='ocrx_word' id='word_1_186' title='bbox 601 3098 762 3158; x_wconf 88' lang='lat' dir='ltr'>custodiae</span> <span class='ocrx_word' id='word_1_187' title='bbox 783 3098 818 3157; x_wconf 92' lang='lat' dir='ltr'>in</span> <span class='ocrx_word' id='word_1_188' title='bbox 837 3098 965 3158; x_wconf 90' lang='lat' dir='ltr'>Italiam</span> <span class='ocrx_word' id='word_1_189' title='bbox 984 3098 1152 3176; x_wconf 80' lang='lat' dir='ltr'>deportari,</span> <span class='ocrx_word' id='word_1_190' title='bbox 1171 3097 1267 3158; x_wconf 89' lang='lat' dir='ltr'>etiam</span> 
     </span>
     <span class='ocr_line' id='line_1_28' title="bbox 259 3198 1286 3282; baseline 0.005 -24"><span class='ocrx_word' id='word_1_191' title='bbox 259 3198 374 3258; x_wconf 90' lang='lat' dir='ltr'>scelere</span> <span class='ocrx_word' id='word_1_192' title='bbox 389 3201 548 3261; x_wconf 88' lang='lat' dir='ltr'>convictos</span> <span class='ocrx_word' id='word_1_193' title='bbox 563 3203 689 3263; x_wconf 87' lang='lat' dir='ltr'>nonnisi</span> <span class='ocrx_word' id='word_1_194' title='bbox 705 3204 745 3263; x_wconf 92' lang='lat' dir='ltr'>ad</span> <span class='ocrx_word' id='word_1_195' title='bbox 760 3223 838 3282; x_wconf 90' lang='lat' dir='ltr'>opus</span> <span class='ocrx_word' id='word_1_196' title='bbox 854 3204 996 3264; x_wconf 89' lang='lat' dir='ltr'>damnari</span> <span class='ocrx_word' id='word_1_197' title='bbox 1010 3210 1218 3282; x_wconf 89' lang='lat' dir='ltr'>praeceperat.</span> <span class='ocrx_word' id='word_1_198' title='bbox 1242 3201 1286 3278; x_wconf 48' lang='lat' dir='ltr'>g</span> 
     </span>
    </p>

    <p class='ocr_par' dir='ltr' id='par_1_5' title="bbox 259 3303 1267 3704">
     <span class='ocr_line' id='line_1_29' title="bbox 299 3303 1267 3387; baseline 0.007 -26"><span class='ocrx_word' id='word_1_199' title='bbox 299 3304 351 3362; x_wconf 84' lang='lat' dir='ltr'>Ad</span> <span class='ocrx_word' id='word_1_200' title='bbox 365 3303 448 3365; x_wconf 91' lang='lat' dir='ltr'>hunc</span> <span class='ocrx_word' id='word_1_201' title='bbox 463 3306 694 3385; x_wconf 90' lang='lat' dir='ltr'>impendiorum</span> <span class='ocrx_word' id='word_1_202' title='bbox 710 3310 857 3385; x_wconf 83' lang='lat' dir='ltr'>furorem,</span> <span class='ocrx_word' id='word_1_203' title='bbox 868 3328 962 3387; x_wconf 86' lang='lat' dir='ltr'>super</span> <span class='ocrx_word' id='word_1_204' title='bbox 972 3308 1120 3369; x_wconf 89' lang='lat' dir='ltr'>fiduciam</span> <span class='ocrx_word' id='word_1_205' title='bbox 1132 3309 1267 3387; x_wconf 89' lang='lat' dir='ltr'>imperii,</span> 
     </span>
     <span class='ocr_line' id='line_1_30' title="bbox 259 3409 1039 3493; baseline 0.012 -27"><span class='ocrx_word' id='word_1_206' title='bbox 259 3409 354 3468; x_wconf 86' lang='lat' dir='ltr'>etiam</span> <span class='ocrx_word' id='word_1_207' title='bbox 370 3430 424 3488; x_wconf 92' lang='lat' dir='ltr'>spe</span> <span class='ocrx_word' id='word_1_208' title='bbox 437 3414 573 3490; x_wconf 91' lang='lat' dir='ltr'>quadam</span> <span class='ocrx_word' id='word_1_209' title='bbox 589 3415 755 3493; x_wconf 91' lang='lat' dir='ltr'>repentina</span> <span class='ocrx_word' id='word_1_210' title='bbox 769 3417 992 3476; x_wconf 89' lang='lat' dir='ltr'>immensarum</span> <span class='ocrx_word' id='word_1_211' title='bbox 1007 3421 1039 3475; x_wconf 91' lang='lat' dir='ltr'>et</span> 
     </span>
     <span class='ocr_line' id='line_1_31' title="bbox 259 3515 1039 3598; baseline 0.012 -26"><span class='ocrx_word' id='word_1_212' title='bbox 259 3515 490 3577; x_wconf 90' lang='lat' dir='ltr'>reconditarum</span> <span class='ocrx_word' id='word_1_213' title='bbox 511 3538 605 3597; x_wconf 91' lang='lat' dir='ltr'>opum</span> <span class='ocrx_word' id='word_1_214' title='bbox 628 3519 783 3598; x_wconf 90' lang='lat' dir='ltr'>impulsus</span> <span class='ocrx_word' id='word_1_215' title='bbox 799 3526 847 3581; x_wconf 88' lang='lat' dir='ltr'>est</span> <span class='ocrx_word' id='word_1_216' title='bbox 866 3540 905 3580; x_wconf 86' lang='lat' dir='ltr'>ex</span> <span class='ocrx_word' id='word_1_217' title='bbox 920 3520 1039 3582; x_wconf 90' lang='lat' dir='ltr'>indicio</span> 
     </span>
     <span class='ocr_line' id='line_1_32' title="bbox 259 3619 1037 3704; baseline 0.012 -27"><span class='ocrx_word' id='word_1_218' title='bbox 259 3619 375 3696; x_wconf 89' lang='lat' dir='ltr'>equitis</span> <span class='ocrx_word' id='word_1_219' title='bbox 406 3623 541 3684; x_wconf 87' lang='lat' dir='ltr'>Romani</span> <span class='ocrx_word' id='word_1_220' title='bbox 576 3644 632 3702; x_wconf 91' lang='lat' dir='ltr'>pro</span> <span class='ocrx_word' id='word_1_221' title='bbox 660 3631 819 3703; x_wconf 88' lang='lat' dir='ltr'>comperto</span> <span class='ocrx_word' id='word_1_222' title='bbox 847 3626 1037 3704; x_wconf 88' lang='lat' dir='ltr'>pollicentis,</span> 
     </span>
    </p>

    <p class='ocr_par' dir='ltr' id='par_1_6' title="bbox 258 3723 1310 3808">
     <span class='ocr_line' id='line_1_33' title="bbox 258 3723 1310 3808; baseline 0.006 -25"><span class='ocrx_word' id='word_1_223' title='bbox 258 3723 420 3787; x_wconf 89' lang='lat' dir='ltr'>thesauros</span> <span class='ocrx_word' id='word_1_224' title='bbox 436 3729 676 3806; x_wconf 87' lang='lat' dir='ltr'>antiquissimae</span> <span class='ocrx_word' id='word_1_225' title='bbox 693 3749 794 3806; x_wconf 87' lang='lat' dir='ltr'>gazae,</span> <span class='ocrx_word' id='word_1_226' title='bbox 818 3749 896 3808; x_wconf 91' lang='lat' dir='ltr'>quos</span> <span class='ocrx_word' id='word_1_227' title='bbox 918 3730 1002 3790; x_wconf 87' lang='lat' dir='ltr'>Dido</span> <span class='ocrx_word' id='word_1_228' title='bbox 1016 3731 1124 3808; x_wconf 88' lang='lat' dir='ltr'>regina</span> <span class='ocrx_word' id='word_1_229' title='bbox 1141 3730 1267 3807; x_wconf 85' lang='lat' dir='ltr'>fugiens</span> <span class='ocrx_word' id='word_1_230' title='bbox 1307 3803 1310 3808; x_wconf 25' lang='grc' dir='ltr'>Ι</span> 
     </span>
    </p>
   </div>
   <div class='ocr_carea' id='block_1_3' title="bbox 1071 659 1228 782">
    <p class='ocr_par' dir='ltr' id='par_1_7' title="bbox 1071 659 1228 782">
     <span class='ocr_line' id='line_1_34' title="bbox 1071 659 1228 707; baseline 0.006 -3"><span class='ocrx_word' id='word_1_231' title='bbox 1071 659 1124 706; x_wconf 81' lang='lat' dir='ltr'>The</span> <span class='ocrx_word' id='word_1_232' title='bbox 1135 659 1228 707; x_wconf 78' lang='lat' dir='ltr'>Golden</span> 
     </span>
     <span class='ocr_line' id='line_1_35' title="bbox 1071 733 1154 782; baseline 0.024 -4"><span class='ocrx_word' id='word_1_233' title='bbox 1071 733 1154 782; x_wconf 82' lang='lat' dir='ltr'>House</span> 
     </span>
    </p>
   </div>
   <div class='ocr_carea' id='block_1_4' title="bbox 1066 2637 1237 2685">
    <p class='ocr_par' dir='ltr' id='par_1_8' title="bbox 1066 2637 1237 2685">
     <span class='ocr_line' id='line_1_36' title="bbox 1066 2637 1237 2685; baseline -0.006 0"><span class='ocrx_word' id='word_1_234' title='bbox 1066 2637 1237 2685; x_wconf 82' lang='lat' dir='ltr'>Otherworks</span> 
     </span>
    </p>
   </div>
   <div class='ocr_carea' id='block_1_5' title="bbox 1065 3491 1219 3539">
    <p class='ocr_par' dir='ltr' id='par_1_9' title="bbox 1065 3491 1219 3539">
     <span class='ocr_line' id='line_1_37' title="bbox 1065 3491 1219 3539; baseline 0.006 -2"><span class='ocrx_word' id='word_1_235' title='bbox 1065 3491 1118 3538; x_wconf 76' lang='lat' dir='ltr'>The</span> <span class='ocrx_word' id='word_1_236' title='bbox 1128 3491 1219 3539; x_wconf 84' lang='lat' dir='ltr'>hidden</span> 
     </span>
    </p>
   </div>
   <div class='ocr_carea' id='block_1_6' title="bbox 1064 3536 1313 3612">
    <p class='ocr_par' dir='ltr' id='par_1_10' title="bbox 1064 3536 1313 3612">
     <span class='ocr_line' id='line_1_38' title="bbox 1064 3536 1313 3612; baseline 0 0"><span class='ocrx_word' id='word_1_237' title='bbox 1064 3567 1180 3612; x_wconf 85' lang='lat' dir='ltr'>treasure</span> <span class='ocrx_word' id='word_1_238' title='bbox 1284 3536 1313 3580; x_wconf 76' lang='lat'>³⁰</span> 
     </span>
    </p>
   </div>
   <div class='ocr_carea' id='block_1_7' title="bbox 0 0 1558 4378">
    <p class='ocr_par' dir='ltr' id='par_1_11' title="bbox 0 0 1558 4378">
     <span class='ocr_line' id='line_1_39' title="bbox 0 0 1558 4378; baseline 0 2"><span class='ocrx_word' id='word_1_239' title='bbox 0 0 1558 4378; x_wconf 95' lang='lat' dir='ltr'> </span> 
     </span>
    </p>
   </div>
  </div>
 </body>
</html>
