3106 4378
289 261 329 329 80
364 275 393 327 C.
417 274 574 326 SUE'I'ONI
596 275 824 336 TRANQUILLI
847 275 897 324 DE
920 275 1012 325 VITA
1035 274 1238 326 CAESARUM

331 449 483 508 liberium
497 456 632 524 nepotem
649 456 735 507 taam
750 450 873 524 placere
886 448 963 506 miti
982 448 1197 507 desiderantem
1206 456 1292 524 pota

286 556 354 628 isse,
377 571 502 629 peream
529 556 600 627 misi,
625 572 695 612 meo
720 554 822 628 Livio,
848 555 991 614 admiror.
1043 554 1127 611 Nom
1152 526 1207 628 qui
1229 562 1292 614 tom

286 662 404 734 ἀσαφῶς
432 661 582 735 loquatur,
608 661 662 734 qai
683 661 783 734 possit
810 677 877 718 oum
902 660 1048 718 declamat
1072 661 1172 734 σαφῶς
1195 661 1292 720 dicere
1399 653 1401 656 ’

286 783 363 840 quoe
383 766 511 824 discredo
531 773 608 839 suat,
629 783 691 823 uon
712 766 806 823 video.

255 887 270 933 t
325 870 393 929 Nec
414 867 544 929 dubium
559 873 617 943 est,
632 867 710 946 quid
728 873 800 946 post
817 868 895 928 haec
910 867 1074 945 Augustus
1093 868 1292 931 constituerit

286 980 319 1034 et
350 973 514 1052 reliquerit
546 992 616 1034 eum
648 973 737 1033 nullo
771 979 895 1052 praeter
929 973 1090 1050 auguralis
1126 975 1292 1035 sacerdotii

286 1080 403 1140 honore
431 1079 636 1158 impertitum,
665 1098 701 1138 ac
728 1097 768 1138 ne
795 1079 942 1139 heredem
967 1062 1094 1156 quidem
1122 1079 1293 1140 nisiinter

198 1234 200 1240 .
286 1184 397 1246 tertios
425 1203 461 1245 ac
489 1204 587 1263 paene
615 1190 779 1244 extraneos
807 1204 824 1244 e
852 1190 941 1263 parte
971 1191 1060 1244 sexta
1094 1185 1291 1264 nuncuparit,

286 1289 389 1366 legato
417 1308 540 1369 quoque
568 1309 632 1350 non
659 1289 796 1368 amplius
825 1308 918 1367 quam
946 1290 1198 1367 octingentorum
1233 1310 1293 1352 ses-

242 1410 271 1456 10
285 1395 451 1456 tertiorum
472 1401 663 1475 prosecutus.

326 1499 471 1561 Tiberius
486 1507 617 1578 patruus
632 1501 753 1579 petenti
772 1500 905 1561 honores
920 1501 1097 1561 consularia
1111 1507 1324 1566 ornamenta5

286 1605 418 1681 detulit,
442 1606 498 1666 sed
514 1605 686 1667 instantius
700 1607 859 1683 legitimos
875 1605 1034 1682 flagitanti
1049 1606 1083 1665 id
1097 1606 1198 1666 solum
1213 1607 1294 1667 codi-

515 1709 597 1771 cillis
612 1711 784 1790 rescripsit,
797 1714 1003 1789 quodraginta
1016 1731 1125 1772 aureos
1139 1716 1172 1770 ia
1186 1713 1294 1772 Sator-

286 1794 461 1931 ?ffiffi?
514 1819 601 1876 nolio
614 1825 642 1876 et
658 1817 819 1894 Sigillaria
837 1821 956 1877 mimate
971 1821 1007 1876 ei.
1051 1817 1140 1876 Tunc
1157 1817 1292 1893 demum,

242 1941 271 1986 15
515 1921 637 1982 abiecta
661 1941 716 1999 spe
741 1922 915 1999 dignitatis,
939 1923 980 1982 ad
1002 1922 1104 1982 otium
1128 1923 1292 1999 concessit,

287 2027 378 2088 modo
393 2026 426 2086 in
441 2026 541 2087 hortis
556 2033 589 2086 et
604 2028 780 2089 suburbano
798 2028 892 2087 modo
910 2028 945 2087 in
963 2027 1152 2105 Campaniae
1170 2047 1294 2089 secessu

287 2131 484 2208 delitescens,
504 2137 598 2210 atque
616 2151 655 2192 ex
671 2133 875 2193 contubernio
895 2132 1182 2194 sordidissimorum
1196 2133 1294 2193 homi·

286 2257 362 2297 num
377 2256 471 2315 super
484 2243 622 2298 veterem
642 2237 794 2314 segnitiae
813 2244 921 2299 notam
940 2238 1101 2298 ebrietatis
1120 2257 1242 2317 quoque
1262 2244 1293 2299 et
1318 2302 1321 2308 ,

286 2343 372 2404 aleae
386 2343 552 2403 infamiam
567 2343 673 2403 subiit.

241 2465 271 2512 m
326 2448 405 2509 Cum
427 2447 565 2524 interim,
587 2448 777 2527 quamquam
798 2449 857 2510 hoc
879 2450 971 2509 modo
992 2450 1325 2528 agenti,nu1nquam6

286 2559 341 2614 aut
368 2553 514 2620 officium.
538 2555 701 2614 hominurn
736 2561 792 2615 aut
819 2555 995 2615 reverentia
1012 2554 1014 2560 '
1029 2554 1153 2632 publice
1181 2556 1292 2616 defuit.

236 2716 241 2724 .
286 2719 442 2778 nononuoy
512 2661 668 2738 Equester
678 2661 754 2720 ordo
764 2661 813 2721 bis
825 2666 991 2739 patronum
1003 2679 1074 2720 eum
1088 2661 1294 2738 perferendae

286 2793 432 2852 ,quum
514 2785 570 2844 pro
586 2786 619 2828 se
634 2767 799 2844 legationis
814 2767 919 2843 elegit,
935 2767 1030 2828 semel
1046 2785 1117 2826 cum
1132 2767 1294 2846 deportan-

286 2869 415 2915 ⁰1⁶0¹⁸¹¹⁶
515 2874 590 2933 dum
609 2875 741 2933 Romam
758 2892 870 2951 corpus
885 2872 1024 2950 Augusti
1043 2873 1159 2932 umeris
1175 2872 1240 2932 suis
1255 2873 1295 2932 ab

241 3001 270 3046 25
286 2943 376 2989 senate
489 2992 490 2997 ’
515 2970 694 3040 oonsulibus
720 2984 910 3058 exposceret,
935 2978 1049 3039 iterum
1075 2998 1145 3038 oum
1170 2997 1294 3057 oppres-

286 3105 355 3146 sum
372 3085 520 3147 Seianum
539 3086 623 3165 apud
642 3086 766 3146 eosdem
789 3085 1017 3162 gratularetur,
1039 3085 1116 3163 quin
1130 3089 1162 3144 et
1177 3091 1294 3163 specta

286 3192 366 3253 culis
389 3192 571 3252 advenienti
591 3211 753 3269 assurgere
777 3198 809 3252 et
829 3193 970 3254 lacernas
992 3193 1148 3272 deponere
1163 3192 1291 3253 solebat.

287 3298 420 3358 Senatus
442 3300 869 3376 quoque,utadnu1nerum
892 3299 1047 3360 sodalium
1069 3297 1293 3374 Augustalium

286 3410 369 3464 sorte
384 3403 549 3464 ductorum
566 3410 657 3465 extra
675 3405 817 3465 ordinem
837 3406 1021 3479 adiceretur,
1037 3405 1160 3465 censuit
1174 3409 1206 3463 et
1220 3423 1294 3463 mox
1364 3475 1366 3482 Ι

240 3523 270 3570 ee
286 3514 322 3568 ut
344 3509 455 3569 domus
478 3509 517 3585 ei,
539 3529 633 3587 quam
656 3510 802 3571 incendio
824 3511 981 3587 amiserat,
1003 3511 1131 3590 publica
1151 3510 1295 3588 impensa

285 3614 513 3691 restitueretur,
529 3615 739 3694 dicendaeque
757 3617 839 3677 inter
856 3617 1037 3677 consulares
1053 3615 1229 3677 sententiae
1243 3615 1293 3675 ius

285 3725 377 3782 esset.
421 3721 512 3793 Quod
533 3703 692 3781 decietum
715 3722 868 3783 abolitum
890 3727 948 3797 est,
974 3727 1143 3782 excusante
1168 3720 1295 3783 Tiberio
