3106 4378
284 290 348 355 124
385 302 415 353 o.
439 302 595 353 sonsum
612 302 842 366 rnlnoorrnr
862 304 911 353 nn
934 303 1024 354 vrrs
1044 303 1247 355 cassanum

282 477 367 554 Tyro
389 493 493 535 secum
511 474 687 550 extulisset,
706 495 774 536 esse
792 476 825 535 in
845 476 957 535 Africa
976 475 1167 536 vastissimis
1185 494 1290 554 specu-

281 581 340 640 bus
365 580 498 655 abditos,
524 599 560 640 ac
587 599 679 658 posse
708 580 776 641 erui
803 581 936 659 parvula
963 581 1161 666 molientium
1186 599 1287 659 opera.

281 686 399 746 Verum
413 691 449 744 ut
464 703 535 763 spes
549 685 676 761 fefellit,
687 686 868 760 destitutus,
881 691 975 763 atque
987 684 1032 745 ita
1043 686 1105 746 iam
1117 686 1288 747 exhaustus
1303 691 1340 742 32

282 796 314 850 et
329 809 422 866 egens
436 796 473 849 ut
488 790 647 868 stipendia
661 809 784 868 quoque
799 791 935 850 militurn
953 797 984 850 et
999 791 1160 850 commoda
1171 797 1288 852 vetera

250 908 392 956 snorum
412 894 554 973 protrahi
575 913 610 955 ac
629 895 751 954 differri
770 913 896 956 necesse
917 901 1009 970 esset,
1025 896 1191 956 calumniis
1210 897 1288 974 rapi-

281 1001 394 1078 nisque
410 999 548 1060 intendit
563 1000 710 1060 animum.

321 1105 406 1165 Ante
418 1103 523 1165 omnia
534 1103 684 1180 instituit,
696 1111 732 1165 ut
743 1125 759 1166 e
771 1105 956 1165 libertorum
967 1107 1184 1166 defunctorum
1197 1106 1287 1167 bonis

281 1229 338 1289 pro
352 1210 483 1271 semisse
497 1210 630 1271 dextans
645 1210 674 1270 ei
689 1216 859 1286 cogeretur,
872 1210 927 1288 qui
943 1211 1010 1270 sine
1025 1211 1180 1288 probabili
1194 1230 1288 1272 causa

510 1315 686 1374 eonomine
701 1315 838 1376 fuissent
852 1335 915 1392 quo
929 1303 1035 1376 essent
1049 1315 1132 1375 ullae
1147 1316 1287 1376 familiae

236 1431 266 1476 10
281 1399 432 1522 ξέξὲἒὶῗῑ
510 1438 588 1497 quas
603 1421 670 1498 ipse
682 1421 876 1498 contingeret
884 1444 892 1496 3
913 1421 1035 1496 deinde,
1047 1431 1082 1480 ut
1092 1421 1287 1497 ingratorum

509 1526 544 1584 in
571 1525 746 1604 principem
774 1531 968 1587 testamenta
996 1527 1036 1587 ad
1060 1526 1170 1586 fiscum
1194 1526 1288 1605 perti-

280 1637 399 1706 nerent,
415 1650 450 1691 ac
464 1650 503 1694 ne
519 1631 647 1708 impune
662 1637 745 1692 esset
759 1631 909 1692 studiosis
925 1631 1012 1707 iuris,
1023 1632 1077 1708 qui
1089 1632 1288 1709 scripsissent

281 1736 331 1796 vel
346 1737 520 1796 dictassent
535 1754 587 1811 ea3
610 1741 685 1796 tunc
704 1742 741 1796 ut
758 1736 825 1812 lego
846 1736 1021 1796 maiestatis
1041 1737 1127 1796 facta
1141 1737 1287 1814 dictaque

281 1841 394 1916 omnia,
424 1840 538 1918 quibus
566 1841 659 1900 modo
688 1841 809 1901 delator
836 1861 900 1901 non
935 1841 1066 1916 deesset,
1095 1847 1285 1901 tenerentur.

236 1963 264 2008 15
280 1946 454 2006 Revocavit
481 1951 513 2006 et
540 1946 681 2023 praemia
714 1965 906 2022 coronarum,
936 1965 1015 2024 quae
1044 1963 1191 2024 umquam
1227 1947 1286 2007 sibi

279 2051 425 2111 civitates
453 2051 488 2108 in
515 2051 738 2111 certaminibus
773 2051 969 2112 detulissent.
1027 2053 1070 2111 Et
1096 2070 1166 2111 cum
1194 2052 1287 2111 inter-

281 2155 414 2215 dixisset
442 2173 533 2214 usum
559 2139 772 2234 amethystini
792 2175 827 2216 ac
853 2157 943 2234 Tyrii
969 2157 1091 2233 coloris,
1116 2156 1287 2217 summisis-

280 2266 390 2338 setque
415 2261 471 2338 qui
494 2260 708 2320 nundinarum
733 2260 784 2321 die
811 2261 962 2339 pauculas
990 2262 1099 2321 uncias
1126 2262 1300 2337 venderet,

280 2365 451 2444 praeclusit
478 2371 607 2425 cunctos
635 2365 855 2443 negotiatores.
897 2367 979 2438 Quin
1008 2367 1104 2426 etiam
1131 2366 1213 2425 inter
1240 2385 1287 2426 ca

234 2487 264 2530 ac
279 2472 418 2531 nendum
439 2471 691 2531 animadversam
716 2478 894 2532 matronam
919 2472 952 2530 in
978 2471 1164 2549 spectaculis
1186 2471 1286 2530 vetita

280 2595 418 2654 purpura
432 2576 549 2636 cultam
565 2576 796 2637 demonstrasse
811 2576 1064 2655 procuratoribus
1080 2577 1145 2636 suis
1159 2576 1285 2652 dicitur,

280 2682 516 2758 detractamque
537 2680 612 2740 ilico
632 2700 695 2741 non
717 2689 804 2742 veste
827 2682 919 2741 modo
944 2681 999 2741 sed
1024 2687 1056 2740 et
1077 2680 1165 2740 bonis
1188 2682 1283 2742 exuit.
1361 2747 1363 2752 ,

279 2786 371 2846 Nulli
388 2785 548 2861 delegavit
567 2785 702 2846 officium
721 2793 838 2847 utnon
860 2787 1014 2847 adiceret:
1037 2786 1105 2846 Scis
1122 2789 1195 2860 quid
1211 2788 1287 2846 anibi

280 2911 354 2967 epus
384 2893 443 2950 sit!
477 2895 509 2950 et
538 2893 606 2951 Hoc
634 2913 769 2970 sporum,
797 2913 834 2952 oe
870 2897 937 2968 quis
973 2896 1131 2968 quicquam
1160 2893 1286 2950 lrabeat!

235 3010 263 3054 25
280 2995 405 3057 Ultimo
433 2996 562 3074 templis
589 2999 801 3076 compluribus
831 2999 913 3059 dona
942 2999 1081 3058 detraxit
1109 2998 1286 3058 simulacra·

280 3120 340 3178 que
355 3121 395 3161 ex
414 3121 489 3162 auro
508 3102 559 3162 vel
579 3111 708 3181 argento
730 3104 886 3165 fabricata
903 3103 1060 3179 conflavit,
1075 3103 1108 3162 in
1128 3103 1169 3162 iis
1189 3093 1287 3162 Pena

280 3207 360 3267 tium
383 3209 521 3284 deorum,
544 3230 624 3289 quae
644 3232 717 3272 mox
739 3212 840 3274 Galba
861 3211 1010 3272 restituit.

320 3314 497 3375 Parricidia
510 3321 542 3376 et
556 3318 666 3379 caedes
684 3338 703 3379 a
717 3317 850 3379 Claudio
865 3337 993 3378 exorsus
1008 3322 1074 3392 est3
1097 3315 1185 3376 cuius
1200 3316 1285 3376 necis
1300 3325 1337 3375 33

280 3465 395 3514 nurum
508 3426 568 3486 etsi
583 3446 646 3485 non
665 3433 782 3502 auctor,
797 3433 830 3487 at
848 3426 991 3486 conscius
1011 3424 1084 3499 fuit,
1105 3443 1206 3502 neque
1226 3421 1286 3482 dis-

236 3533 264 3577 30
280 3542 438 3589 committed:
508 3533 702 3609 simulanter,
717 3540 754 3593 ut
769 3535 822 3611 qui
837 3534 966 3609 boletos,
978 3533 1087 3610 inquo
1098 3531 1160 3593 cibi
1175 3549 1285 3607 genere

281 3613 399 3663 ΜΝ
508 3656 664 3698 venenum
688 3637 715 3698 is
737 3644 908 3717 acceperat,
925 3638 1015 3716 quasi
1035 3639 1160 3697 deorum
1182 3638 1286 3697 cibum

241 3792 244 3798 .
281 3740 410 3816 posthac
430 3742 594 3818 proverbio
618 3743 737 3804 Graeco
757 3743 945 3804 conlaudare
969 3743 1011 3804 sit
1031 3741 1151 3802 solitus.
1195 3741 1286 3802 Certe
