3106 4378
509 292 620 343 rmnu
644 293 691 344 rv.
746 293 776 344 o.
802 292 1001 346 CALIGULA.
1219 277 1261 344 ta

254 465 333 526 cella
345 465 486 526 Palatini
500 465 658 526 atriensis.
700 464 769 524 Nec
783 464 952 524 defuerunt
970 463 1025 541 qui
1039 463 1259 538 coniectarent,

253 571 352 631 altero
371 576 495 631 ostento
516 569 689 648 periculum
713 589 732 630 a
752 569 935 630 custodibus
957 569 1083 629 domino
1104 567 1259 646 portendi,

254 677 352 736 altero
375 676 501 735 caedem
523 686 633 735 'rursus
659 675 823 750 insignem,
846 673 948 751 qualis
970 675 1076 733 eodem
1100 673 1152 732 die
1174 673 1261 733 iacta

253 783 411 860 quondam
436 781 560 841 fuisset.
613 779 796 842 Consulanti
821 798 945 857 quoque
969 779 1009 838 de
1034 779 1178 854 genitura
1203 797 1261 839 sua

255 886 344 947 Sulla
367 886 608 947 mathematicus
638 885 845 946 certissimam
873 902 981 944 necem
1010 885 1291 963 appropinquaret

187 1036 189 1042 -
252 991 429 1053 affirmavit.
485 993 677 1051 Monuerunt
709 997 740 1050 et
768 991 927 1050 Fortunae
955 989 1149 1065 Antiatinae,
1178 995 1214 1049 ut
1242 1008 1261 1049 a

252 1097 361 1159 Cassio
382 1103 507 1157 caveret
516 1120 525 1173 3
546 1116 610 1175 qua
627 1115 721 1157 causa
735 1095 790 1155 ille
805 1095 948 1157 Cassium
968 1095 1145 1172 Longinum
1163 1094 1259 1154 Asiae

252 1207 321 1262 tum
355 1203 571 1281 proconsulem
610 1202 815 1262 occidendum
853 1201 1062 1277 delegaverat,
1097 1200 1260 1260 immemor

253 1307 424 1370 Chaeream
445 1308 588 1368 Cassium
602 1307 766 1367 nominari.
809 1306 917 1365 Pridie
938 1324 1033 1383 quam
1052 1305 1168 1384 periret
1183 1324 1260 1365 som-

252 1411 363 1490 niavit,
383 1413 554 1474 consistere
576 1432 609 1473 se
631 1413 665 1472 in
686 1413 772 1472 'caelo
794 1411 885 1471 iuxta
905 1411 1018 1472 solium
1038 1411 1133 1486 Iovis,
1149 1409 1261 1488 impul·
1277 1422 1305 1466 10

253 1538 384 1596 sumque
405 1519 445 1578 ab
463 1537 499 1578 eo
518 1518 623 1578 dextri
646 1518 737 1596 pedis
757 1516 870 1594 pollice
892 1523 924 1576 et
944 1517 978 1575 in
991 1517 1092 1576 terras
1111 1515 1261 1593 praecipi-

252 1629 362 1684 tatum.
405 1623 623 1699 Prodigiorum
647 1623 715 1682 loco
736 1622 846 1681 habita
867 1627 941 1682 sunt
963 1621 1067 1696 etiam,
1083 1639 1163 1698 quae
1177 1620 1259 1680 forte

251 1728 308 1788 illo
322 1728 391 1806 ipso
406 1729 457 1788 die
471 1728 566 1806 paulo
581 1728 668 1805 prius
680 1727 867 1787 acciderant.
901 1725 1087 1786 Sacrificans
1097 1744 1259 1802 respersus

252 1839 301 1895 est
329 1833 564 1912 phoenicopteri
601 1833 768 1908 sanguine,
805 1837 836 1892 et
872 1831 1084 1909 pantomimus
1119 1831 1260 1890 Mnester

252 1939 447 2015 tragoediam
469 1937 607 2013 saltavit,
630 1956 724 2015 quam
748 1937 823 1998 olim
843 1936 1071 2024 Neoptolemus
1093 1914 1260 2011 tragoedus
1277 1951 1305 1996 15

253 2043 346 2118 ludis,
375 2044 489 2121 quibus
524 2062 579 2102 rer
608 2043 814 2102 Macedonum
849 2041 1018 2118 Philippus
1054 2041 1173 2101 occisus
1202 2046 1258 2114 est,

253 2154 374 2225 egerat,
398 2155 429 2208 et
444 2167 515 2208 cum
529 2149 563 2207 in
577 2148 730 2208 Laureolo
741 2148 846 2222 mimo,
859 2149 893 2205 in
907 2165 970 2224 quo
984 2151 1070 2205 actor
1084 2144 1259 2224 proripiens

253 2271 286 2314 se
308 2255 400 2314 ruina
423 2253 606 2329 sanguinem
628 2253 736 2328 vomit,
758 2253 865 2330 plures
888 2252 1094 2311 secundarum
1116 2249 1260 2310 certatim

253 2358 500 2437 experimentum
530 2358 608 2418 artis
644 2359 764 2432 darent,
795 2375 902 2417 cruore
938 2374 1049 2417 scaena
1078 2355 1258 2416 abundavit.

252 2465 428 2525 Parabatur
456 2469 488 2524 et
514 2464 548 2522 in
576 2468 700 2523 noctem
733 2461 955 2539 spectaculum,
985 2480 1046 2538 quo
1077 2465 1261 2536 argumenta
1276 2471 1314 2530 abv

253 2569 426 2629 inferorum
455 2588 510 2646 per
544 2567 720 2647 Aegyptios
749 2574 781 2627 et
808 2567 983 2645 Aethiopas
1018 2565 1258 2643 explicarentur.

201 2686 239 2736 te
253 2674 356 2735 VIIII
385 2673 458 2734 Kal.
483 2675 572 2734 Febr.
599 2674 676 2733 hora
703 2673 770 2732 fere
798 2673 940 2750 septima,
966 2676 1129 2731 cunctatus
1155 2689 1194 2730 an
1219 2670 1260 2730 ad

253 2779 421 2859 prandium
449 2785 590 2856 surgeret
618 2784 775 2838 marcente
803 2778 906 2838 adhuc
934 2776 1094 2838 stomacho
1122 2775 1260 2854 pridiani

253 2885 315 2945 cibi
329 2903 430 2959 onere,
442 2886 569 2944 tandem
585 2885 789 2945 suadentibus
807 2883 915 2943 amicis
931 2901 1072 2959 egressus
1087 2888 1143 2942 est.
1180 2881 1259 2942 Cum

253 2988 287 3049 in
301 2995 421 3069 crypta,
438 3009 494 3068 per
508 3009 603 3067 quam
615 2991 840 3050 transeundum
852 2995 928 3065 erat,
943 2989 1033 3068 pueri
1274 3001 1305 3047 at

252 3094 374 3156 nobiles
390 3113 429 3154 ex
442 3095 522 3156 Asia
536 3096 577 3156 ad
590 3096 727 3156 edendas
745 3095 779 3154 in
796 3114 907 3184 scaena
924 3113 1033 3173 operas
1058 3071 1260 3194 {amm

254 3202 376 3264 evocati
411 3209 680 3282 praepararentur,
709 3209 745 3263 ut
777 3222 829 3263 eos
864 3202 1033 3280 inspiceret

254 3308 494 3388 hortareturque
516 3309 645 3385 restitit,
667 3329 703 3370 ac
723 3309 787 3369 nisi
808 3309 953 3387 princeps
976 3306 1079 3383 gregis
1102 3305 1205 3381 algere
1227 3321 1260 3364 se

155 3469 161 3479 .
255 3411 383 3490 diceret,
398 3415 501 3476 redire
514 3435 550 3476 ac
564 3421 798 3493 repraesentare
820 3413 1031 3491 spectaculum
1046 3410 1155 3469 voluit.
1198 3410 1261 3469 Du·

255 3517 330 3597 plex
352 3519 467 3582 dehinc
485 3521 572 3581 fama
591 3526 656 3581 est:
680 3519 736 3580 alii
757 3519 887 3579 tradunt
908 3516 1092 3594 adloquenti
1113 3531 1225 3594 pueros
1243 3531 1262 3574 a
1277 3527 1306 3573 ao

255 3629 345 3702 tergo
358 3624 528 3687 Chaeream
548 3625 701 3686 cervicem
722 3623 827 3700 gladio
843 3623 959 3684 caesim
982 3622 1119 3698 graviter
1139 3639 1262 3698 percus

257 3729 346 3807 sisse
360 3729 639 3808 praemissavooe:
661 3731 729 3790 Hoc
742 3731 818 3807 uqa!
838 3725 953 3789 dehinc
973 3725 1154 3788 Cornelium
1177 3725 1263 3785 Sabi-
