3078 4380
283 287 324 354 16
359 300 389 352 o.
416 299 573 352 sunrour
595 299 825 363 rulroumnr
848 299 898 350 nn
917 301 1008 352 vrrs
1032 300 1235 380 cansarum

281 477 331 534 est
358 472 565 551 opinantium,
595 491 804 534 successorem
835 472 968 534 ascitum
999 492 1071 533 eum
1101 473 1289 536 necessitate

281 577 382 654 magis
397 597 492 656 quam
506 577 631 652 iudicio,
647 577 773 655 quando
787 577 834 638 ita
847 578 984 656 praefari
999 597 1063 637 non
1076 577 1274 639 abstinuerit.

321 682 548 760 Principatum,
565 682 709 760 quamvis
724 700 825 760 neque
840 701 991 761 occupare
1005 683 1173 744 confestim
1187 703 1288 762 neque
1302 692 1341 744 24

281 787 579 863 ageredubitasset,
601 787 737 848 statione
758 787 905 863 militum,
928 787 987 848 hoc
1007 793 1056 850 est
1077 788 1110 848 ri
1131 793 1164 850 et
1185 788 1288 866 specie

250 912 265 957 e
281 955 420 1003 mum
507 891 740 968 dominationis,
752 897 922 970 assumpta,
935 892 990 953 diu
1000 898 1107 953 tamen
1120 893 1286 970 recusavit,

280 1031 423 1078 „luem
433 1031 461 1077 t,
506 996 781 1075 impudentissimo
795 997 890 1057 mimo
904 1015 988 1058 nunc
1002 998 1200 1059 adhortantis
1214 999 1288 1060 ami-

280 1105 472 1163 sssmetmpe-
505 1121 557 1163 cos
579 1101 745 1180 increpans
767 1109 803 1163 ut
824 1106 955 1181 ignaros,
971 1112 1086 1180 quanta
1107 1106 1194 1164 belua
1213 1113 1287 1165 essa

280 1179 470 1238 fimum
507 1211 677 1284 imperium,
698 1227 781 1267 nunc
802 1213 980 1286 precantem
1003 1214 1146 1269 senatum
1168 1215 1200 1269 et
1220 1229 1288 1288 pro

280 1311 476 1371 cumbentem
496 1312 558 1372 sibi
577 1313 618 1372 ad
639 1331 741 1388 genua
762 1312 917 1388 ambiguis
938 1314 1098 1391 responsis
1119 1320 1151 1375 et
1171 1314 1287 1375 callida

236 1433 265 1480 10
280 1417 479 1478 cunctatione
501 1418 712 1495 suspendens;
742 1423 777 1477 ut
802 1417 931 1496 quidam
955 1419 1141 1496 patientiam
1166 1439 1286 1498 rumpe·

280 1527 351 1582 rent
368 1526 463 1600 atque
483 1542 565 1584 unus
587 1523 621 1582 in
641 1523 782 1583 tumultu
804 1523 1024 1601 proclamaret:
1054 1525 1119 1584 Aut
1138 1534 1218 1602 apat,
1233 1535 1287 1584 cut

279 1631 423 1705 desistet!
448 1628 528 1689 alter
551 1647 654 1688 coram
675 1628 886 1706 exprobraret,
901 1634 1030 1704 ceteros,
1045 1629 1129 1707 quod
1149 1628 1286 1707 polliciti

280 1734 345 1794 sint
374 1734 462 1793 tarde
493 1739 660 1811 praestare,
689 1733 744 1794 sed
772 1733 887 1811 ipsum,
916 1734 1000 1812 quod
1031 1737 1169 1812 praestet
1195 1735 1285 1794 tarde

279 1838 429 1918 polliceri.
473 1838 613 1898 Tandem
634 1839 724 1915 quasi
745 1844 878 1914 coactus,
894 1844 925 1899 et
946 1857 1080 1916 querens
1100 1843 1243 1899 miseram
1258 1848 1286 1899 et

235 1963 263 2009 15
279 1963 437 2004 orwroscm
457 1947 579 2020 intrarat
599 1945 659 2002 sibi
679 1948 858 2018 servitutem,
880 1943 999 2022 recepit
1020 1943 1202 2022 imperium;
1228 1963 1285 2004 neo

279 2056 386 2111 tamen
406 2048 508 2123 aliter,
526 2065 619 2126 quam
640 2053 677 2107 ut
698 2048 913 2127 depositurum
936 2067 968 2108 se
989 2048 1176 2126 quandoque
1197 2067 1285 2127 spem

278 2156 405 2215 faceret.
448 2152 556 2231 Ipsius
574 2153 669 2214 verba
686 2159 776 2214 sunt:
799 2154 883 2214 Dum
904 2157 1025 2213 neniam
1045 2156 1086 2214 od
1106 2157 1140 2213 id
1160 2163 1284 2230 tempas,

279 2279 337 2336 pao
356 2261 439 2319 vobis
458 2245 588 2335 acquam
601 2261 700 2334 possit
713 2261 812 2318 videri
829 2262 903 2319 dore
916 2279 969 2319 cos
985 2261 1122 2334 aliquam
1137 2249 1286 2318 'senectuti

278 2384 362 2426 aecae
377 2368 519 2439 requiem.

233 2487 263 2533 ao
319 2469 497 2531 Cunctandi
511 2487 606 2530 causa
619 2474 687 2529 erat
701 2474 804 2530 metus
818 2469 957 2548 undique
973 2469 1207 2530 imminentium
1224 2469 1285 2532 dis·
1297 2479 1335 2530 25

278 2575 454 2650 criminum,
469 2580 506 2635 ut
521 2592 613 2652 saepe
627 2576 731 2650 lapara
745 2593 775 2633 sc
790 2577 1021 2635 auribasteacre
1031 2575 1157 2654 diceret.
1199 2575 1284 2636 Nam

503 2684 535 2738 et
550 2697 656 2739 servus
671 2678 832 2757 Agrippae
847 2678 991 2740 Clemens
1005 2679 1131 2740 nomine
1142 2699 1205 2740 non
1216 2699 1285 2740 con·

502 2784 701 2845 temnendam
717 2803 843 2843 manum
858 2785 892 2844 in
907 2784 1060 2845 ultionem
1074 2785 1195 2844 domini
1206 2804 1285 2845 com-

503 2894 638 2969 pararat,
654 2895 686 2950 et
700 2890 735 2950 L.
753 2889 932 2950 Scribonius
947 2890 1027 2950 Libo
1042 2889 1091 2949 vir
1104 2890 1219 2950 nobilis
1234 2909 1283 2951 res

233 3014 261 3060 25
278 3015 376 3056 noras
404 2995 485 3056 clam
513 2994 709 3070 moliebatur,
737 3000 769 3054 et
796 2994 914 3074 duplex
942 2995 1056 3055 seditio
1084 2994 1222 3054 militum
1249 2995 1284 3054 in

278 3099 409 3179 Illyrico
431 3106 463 3161 et
487 3099 521 3159 iu
545 3099 714 3160 Germania
738 3105 847 3159 exorta
868 3104 923 3160 est.
966 3099 1169 3176 Flagitabant
1193 3099 1284 3159 ambo

278 3205 435 3268 exercitus
450 3205 551 3264 muita
569 3210 659 3264 extra
678 3203 827 3279 ordinem,
843 3209 915 3264 ante
937 3205 1042 3265 omnia
1061 3209 1098 3263 ut
1118 3222 1284 3281 aequaren-

278 3318 331 3371 tur
348 3309 506 3388 stipendio
525 3308 740 3388 praetorianis.
784 3309 1018 3369 Germaniciani
1038 3309 1166 3387 quidem
1188 3307 1283 3370 etiam

279 3415 452 3495 principem
475 3413 693 3475 detractabant
717 3432 780 3473 non
803 3433 822 3474 a
846 3432 879 3475 se
904 3414 1021 3489 datum,
1044 3433 1226 3492 summaque
1251 3413 1283 3473 ri

233 3536 262 3581 eo
280 3520 510 3594 Germanicum,
528 3519 667 3597 quitum
687 3517 727 3579 iis
748 3524 899 3596 praeerat,
915 3519 956 3579 ad
975 3520 1197 3597 capessendam
1218 3538 1285 3579 rem

279 3624 437 3705 publicam
471 3624 633 3699 urgebant,
662 3641 852 3701 quamquam
887 3622 1039 3685 offirmato
1074 3624 1282 3685 resistentem.

277 3731 378 3803 Quem
406 3728 541 3789 maxime
568 3747 676 3789 casum
703 3727 828 3803 timens,
848 3737 954 3805 portes
981 3732 1040 3789 sibi
1063 3748 1141 3806 qaas
1164 3732 1285 3790 seratai
1379 3809 1383 3820 ·

278 2760 324 2807 His
335 2771 422 2818 appre-

278 2833 397 2881 tensione
