3106 4378
305 297 369 362 122
407 311 437 362 o,
459 311 615 361 sunroru
634 312 863 374 rnauqumnr
883 315 932 364 nn
955 317 1044 366 uma
1066 319 1268 374 chasanum

304 484 424 544 refotus
439 484 563 562 saepius
582 484 694 545 calidis
712 484 843 563 piscinis
865 505 900 546 ac
922 493 1062 566 tempore
1084 492 1205 552 aestivo
1226 495 1311 555 niva

529 589 588 664 tis;
608 589 828 666 cenitabatque
839 610 1073 669 nonnumquam
1086 599 1118 654 et
1128 595 1308 674 inpublieo,

528 694 716 754 naumachia
728 694 900 773 praeclusa
921 696 971 755 vel
993 698 1112 758 Martio
1133 718 1244 779 campo
1257 703 1308 762 vel

303 667 348 714 ffls
358 669 441 716 revela
454 669 503 715 aod

302 742 480 790 demostenes

528 799 619 860 Circo
640 799 789 874 Maximo,
808 800 891 860 inter
911 808 1082 862 scortorum
1102 804 1201 864 totius
1221 807 1308 867 urbis

271 910 334 967 cet
348 905 584 965 ambubaiarum
598 905 783 966 ministeria.
826 906 978 976 Quotiens
994 908 1116 968 Ostiam
1137 910 1243 970 Tiberi
1260 913 1309 972 de-

302 1011 412 1070 flueret
433 1017 487 1070 aut
511 1011 666 1071 Baianum
691 1011 795 1072 sinum
817 1013 1114 1090 praetemarigaret,
1136 1014 1307 1094 dispositae

301 1135 357 1194 per
372 1117 465 1176 litora
479 1123 511 1177 et
524 1117 610 1195 ripas
625 1118 821 1177 deuersoriae
839 1118 987 1179 tabernae
1006 1119 1198 1197 parabantur
1214 1121 1308 1200 insig-

301 1239 356 1281 nes
386 1241 485 1298 ganea
512 1228 544 1281 et
568 1228 784 1282 matronarum
809 1221 969 1286 institorio
994 1242 1087 1301 copas
1112 1224 1306 1286 imitantium

300 1332 395 1403 atque
419 1327 493 1386 hinc
519 1327 592 1386 inde
619 1326 815 1387 hortantium
841 1332 878 1386 ut
906 1327 1086 1405 appelleret.
1140 1330 1307 1391 Indicabat

257 1446 284 1490 10
300 1437 332 1490 et
353 1432 564 1493 familiaribus
587 1451 688 1506 cenas,
711 1451 843 1509 quorum
869 1432 927 1491 uni
947 1432 1095 1493 mitellita
1120 1434 1306 1512 quadragies

300 1537 479 1596 sestertium
494 1537 647 1612 constitit,
663 1537 756 1596 alteri
770 1536 871 1615 pluris
886 1537 1050 1614 aliquanto
1064 1539 1191 1599 rosaria.

339 1747 531 1808 Diuitiarum
560 1753 592 1806 et
618 1746 770 1825 pecuniae
797 1748 936 1807 fructum
964 1767 1027 1807 non
1052 1748 1147 1809 alium
1174 1752 1307 1827 putabat
1320 1763 1359 1814 30

298 1872 393 1930 quam
408 1853 632 1931 profusionem,
645 1856 783 1912 sordidos
797 1872 833 1911 cc
847 1856 990 1928 deparcos
1001 1872 1063 1912 csse
1077 1857 1185 1928 quibua
1198 1859 1306 1931 impen-

417 2026 422 2036 ,
524 1977 629 2017 aarum
644 1962 722 2016 rullo
733 1951 889 2031 constaret,
898 1960 1078 2032 praelautos
1091 1979 1216 2034 vereque
1226 1981 1306 2039 moq-

254 2083 282 2128 15
298 2026 456 2086 3⁰⁶¹*th
524 2067 628 2140 abices
641 2067 695 2137 qai
712 2066 904 2122 abuterentur
923 2082 959 2122 uc
975 2066 1142 2138 perderent.
1187 2065 1306 2126 Lauda-

299 2169 352 2228 bat
366 2168 600 2245 mirabaturque
615 2167 804 2227 avunculum
820 2168 936 2228 Gaium
952 2167 1039 2227 nullo
1054 2170 1154 2245 magis
1170 2170 1305 2246 nomine,

298 2292 390 2351 quam
405 2273 488 2350 quod
503 2273 641 2349 ingentis
656 2292 675 2333 a
689 2272 814 2333 Tiberio
826 2273 952 2333 relictas
964 2293 1038 2351 opes
1052 2274 1085 2332 in
1101 2274 1187 2333 brevi
1203 2276 1306 2352 spatio
1345 2349 1348 2355 Ι

299 2378 501 2457 prodegisset.
544 2378 646 2448 Quare
661 2397 717 2438 nec
732 2378 887 2455 largiendi
902 2398 958 2438 nec
978 2378 1164 2439 absumendi
1177 2380 1305 2440 modrun

298 2485 408 2544 tenuit.
452 2485 491 2542 In
509 2483 692 2558 Tiridatem,
709 2484 792 2560 quod
811 2483 864 2541 vix
879 2484 1028 2544 credibile
1043 2484 1195 2559 videatur,
1211 2485 1306 2545 octin-

254 2607 283 2652 ao
299 2609 379 2666 gena
401 2609 566 2648 nummum
590 2589 679 2648 milia
700 2588 815 2649 diurna
839 2589 979 2664 erogavit
1001 2589 1190 2666 abeuntique
1213 2609 1306 2669 super

299 2695 478 2755 sestertium
502 2694 604 2754 milies
630 2693 772 2753 contulit.
815 2695 1017 2753 Menecraten
1038 2680 1252 2755 citharoedum
1274 2702 1306 2755 et

300 2799 461 2878 Spiculum
500 2798 722 2859 mirmillonem
759 2798 1000 2876 triumphalium
1036 2797 1174 2857 virorum
1212 2800 1306 2877 patri-

299 2905 413 2965 moniis
434 2905 626 2981 aedibusque
649 2904 786 2963 donavit.
841 2902 1097 2980 Cercopithecum
1120 2903 1303 2966 Panerotem
1410 2959 1413 2965 .

299 3012 518 3086 feneratorem,
530 3016 562 3070 et
574 3009 700 3070 urbanis
714 3009 902 3086 rusticisque
917 3008 1055 3086 praediis
1069 3008 1305 3087 locupletatum,

230 3145 232 3150 ·
254 3139 283 3186 25
299 3137 395 3196 prope
417 3117 502 3194 regio
523 3115 638 3176 extulit
659 3115 778 3174 funere.
821 3113 951 3174 Nullam
973 3119 1094 3173 vestem
1117 3114 1166 3175 bis
1190 3115 1304 3175 induit.

299 3222 527 3300 Quadringenis
542 3222 576 3280 in
590 3226 741 3299 punctum
755 3219 909 3280 sestertiis
924 3219 1025 3279 aleam
1039 3219 1125 3279 lusit.
1162 3220 1306 3281 Piscatus

301 3333 350 3388 est
363 3334 428 3387 rete
443 3334 553 3388 aurato
567 3334 599 3388 et
613 3345 752 3405 purpura
766 3345 917 3403 coccoque
931 3325 1062 3385 funibus
1076 3325 1173 3385 nexis.
1210 3326 1307 3386 Num-

300 3452 395 3510 quam
418 3433 524 3493 minus
547 3433 634 3492 mille
660 3431 796 3492 carrucis
822 3431 936 3492 fecisse
957 3431 1019 3490 iter
1041 3430 1186 3505 traditur,
1213 3431 1306 3492 soleis

301 3538 455 3598 mularum
487 3539 653 3616 argenteis,
688 3537 881 3598 canusinatis
918 3535 1119 3611 mulionibus,
1148 3535 1308 3597 armillata

255 3670 285 3716 30
301 3643 524 3722 phalerataque
546 3645 708 3704 Mazacum
729 3644 829 3703 turba·
843 3648 937 3720 atque
958 3660 1126 3703 cursorum.

341 3750 415 3809 Non
429 3748 463 3806 in
477 3748 539 3809 alia
557 3769 590 3810 re
608 3754 714 3809 tamen
735 3747 913 3809 damnosior
934 3765 1028 3824 quam
1050 3731 1083 3806 in
1104 3747 1306 3823 aedificanda,
1322 3757 1358 3809 31
