3106 4378
501 275 613 324 mnna
637 275 686 326 rr.
737 275 767 326 o.
793 275 990 328 carrocia
1208 265 1251 329 55

244 448 403 508 Palatium
428 446 684 525 Capitoliumque
709 447 881 507 coniunxit.
932 448 1017 523 Mox,
1039 467 1102 525 quo
1123 446 1250 527 propior

229 559 336 628 esset,
352 553 385 611 in
399 571 472 612 area
486 551 667 629 Capitolina
681 570 780 611 novae
795 552 907 612 domus
922 552 1131 614 fundamenta
1144 553 1226 614 iecit.

192 667 230 717 23
285 657 447 735 Agrippae
466 676 499 716 se
518 663 664 734 nepotem
681 675 782 734 neque
800 657 886 716 credi
904 675 1006 735 neque
1025 657 1089 718 dici
1109 659 1148 718 ob
1166 658 1252 737 igno

244 764 400 824 bilitatem
415 763 483 822 eius
493 762 629 837 volebat,
646 763 917 840 suscensebatque‚
933 762 1030 841 siqui
1044 763 1095 823 vel
1110 765 1250 825 oratione

244 868 295 930 vel
305 868 441 928 carmine
451 867 641 943 imaginibus
651 885 722 926 eum
732 867 900 928 Caesarum
910 868 1092 928 insererent.
1126 871 1251 930 Praedi-
1266 879 1281 926 a

245 975 335 1035 cabat
346 979 452 1033 autem
466 978 598 1032 matrem
610 991 700 1033 suam
711 991 749 1032 ex
764 972 893 1048 incesto,
906 974 990 1050 quod
1000 975 1165 1050 Augustus
1179 995 1250 1035 eum

245 1079 329 1138 Iulia
352 1078 421 1139 filia
444 1077 633 1158 admisisset,
658 1083 871 1155 procreatam3
901 1097 936 1138 ac
961 1097 1025 1138 non
1050 1122 1184 1170 fleme„
1196 1133 1251 1170 m·
1296 1132 1300 1140 .

197 1247 200 1254 .
245 1189 410 1244 contentus
421 1182 482 1242 hac
494 1184 632 1258 Augusti
646 1182 864 1258 insectatione,
876 1183 1024 1243 Actiacas
1050 1197 1112 1243 unct
1122 1198 1221 1243 toward

246 1288 429 1366 Siculasque
444 1289 601 1364 victorias,
615 1293 652 1348 ut
672 1289 816 1349 funestas
835 1287 951 1366 populo
965 1289 1026 1347 Ro·
1050 1270 1092 1316 ¹²¹⁸
1102 1270 1225 1318 “mil‘'

245 1413 338 1454 mano
356 1399 388 1453 et
404 1393 612 1469 calamitosas,
630 1393 734 1453 vetuit
754 1393 959 1454 sollemnibus
979 1393 1070 1454 feriis
1089 1394 1248 1455 celebrari.
1268 1406 1297 1451 10

245 1499 370 1559 Liviam
383 1500 561 1574 Augustam
576 1499 747 1576 proaviam,
763 1499 891 1560 Ulixem
911 1498 1062 1559 stolatum
1076 1499 1251 1559 identidem

245 1603 418 1682 appellans,
430 1604 525 1663 etiam
537 1603 746 1680 ignobilitatis
757 1603 893 1681 quadam
905 1604 945 1664 ad
961 1611 1105 1664 senatum
1115 1605 1252 1682 epistula

245 1727 374 1786 arguere
388 1727 483 1769 ausus
499 1715 556 1784 est,
573 1708 665 1786 quasi
679 1715 821 1768 materno
837 1727 896 1770 avo
913 1709 1080 1768 decurione
1098 1710 1251 1770 Fundano

245 1820 362 1891 ortam3
392 1833 462 1874 eum
483 1813 618 1892 publicis
640 1815 853 1875 monumentis
874 1820 994 1874 certum
1017 1815 1067 1891 sit,
1087 1814 1252 1876 Aufidium

246 1920 420 1979 Lurconem
439 1921 557 1978 Romae
580 1918 749 1980 honoribus
773 1920 927 1979 functum.
970 1921 1073 1980 Aviae
1093 1921 1251 1981 Antoniae
1268 1934 1296 1979 lt

246 2029 401 2085 secretum
422 2024 544 2103 petenti
567 2024 743 2100 denegavit,
767 2025 829 2084 nisi
853 2030 890 2085 ut
914 2025 1121 2086 interveniret
1143 2026 1251 2086 Macro

245 2123 434 2207 praefectus,
446 2147 481 2189 ae
495 2147 552 2206 per
566 2129 659 2190 istius
675 2130 760 2189 modi
775 2129 980 2205 indignitates
992 2137 1024 2190 et
1038 2132 1144 2192 taedia
1158 2150 1252 2192 eausa

246 2234 372 2295 exstitit
385 2235 504 2310 mortis,
518 2234 592 2294 dato
606 2239 721 2310 tamen,
734 2241 770 2294 ut
784 2235 911 2312 quidam
927 2241 1050 2314 putant,
1067 2242 1099 2296 et
1113 2255 1250 2314 venen03

245 2358 302 2399 neo
316 2339 484 2400 defunctae
498 2339 600 2399 ullum
617 2339 765 2399 honorem
783 2340 904 2416 habuit,
919 2341 1144 2419 prospexitque
1162 2361 1179 2401 e
1198 2341 1252 2400 tri-

245 2444 342 2504 clinio
355 2445 517 2504 ardentem
532 2464 649 2520 rogum.
689 2446 832 2504 Fratrem
846 2446 1008 2505 Tiberium
1024 2447 1250 2524 inopinantem,
1267 2461 1297 2506 aa

246 2555 374 2627 repente
384 2549 527 2610 immisso
536 2550 663 2610 tribuno
671 2549 820 2626 militum,
829 2551 1005 2628 interemit3
1022 2551 1165 2612 Silanum
1173 2552 1251 2610 item

246 2673 387 2715 socerum
401 2655 440 2715 ad
454 2673 562 2714 necem
577 2655 787 2732 secandasque
798 2656 952 2716 novacula
962 2656 1069 2718 fauces
1080 2657 1248 2734 compulit:

245 2765 391 2820 causatus
402 2761 436 2818 in
447 2766 589 2838 utroquo,
602 2761 685 2838 quod
700 2761 752 2820 hio
763 2761 938 2837 ingressum
950 2780 983 2822 se
994 2762 1151 2822 turbatius
1166 2780 1251 2821 marc

204 2849 206 2854 ¹
245 2883 308 2925 non
319 2871 401 2926 esset
416 2870 541 2925 secutus
553 2883 589 2925 ac
599 2884 655 2942 spe
669 2867 842 2944 occupandi
856 2867 975 2942 urbem,
987 2867 1015 2928 si
1029 2867 1104 2944 quid
1120 2866 1181 2926 sibi
1195 2886 1251 2945 per

245 2975 448 3048 tempestates
460 2969 624 3045 accideret,
631 2973 851 3047 remansisset;
866 2972 921 3032 ille
930 2970 1110 3031 antidotum
1119 2953 1252 3031 oboluis-
1261 2984 1291 3031 ac

246 3075 408 3153 autquasi
428 3076 469 3147 ad
487 3076 703 3153 praecavenda
717 3061 839 3134 venena
857 3094 914 3135 sua
931 3080 1108 3151 surnptum;
1130 3092 1202 3133 eum
1219 3080 1251 3133 et

246 3180 372 3241 Silanus
386 3180 619 3258 impatientiam
634 3199 768 3240 nauseae
780 3180 914 3241 vitasset
927 3185 959 3240 et
974 3179 1151 3240 molestiam
1166 3178 1251 3238 navi-

245 3285 349 3362 gandi,
372 3291 404 3345 et
426 3286 570 3346 Tiberius
595 3291 724 3364 propter
746 3286 907 3346 assiduam
927 3290 960 3345 et
981 3284 1250 3360 ingravescentem

244 3391 358 3451 tussim
373 3392 602 3451 medicamento
612 3411 687 3451 usus
699 3397 790 3451 esset.
826 3390 911 3450 Nam
923 3390 1091 3451 Claudium
1103 3394 1251 3467 patruum

244 3514 308 3555 non
322 3496 385 3556 nisi
398 3496 432 3555 in
447 3495 619 3556 ludibrium
633 3496 817 3556 reservavit.
1121 3493 1123 3497 ’
1267 3508 1297 3554 30

189 3724 231 3776 aa
285 3707 369 3765 Leve
381 3724 416 3766 ae
428 3704 579 3782 frigidum
591 3706 634 3766 sit
647 3705 699 3766 his
711 3707 833 3782 addere,
846 3725 908 3783 quo
920 3706 1112 3784 propinquos
1124 3705 1252 3766 amicos-
