3106 4378
297 275 339 342 72
372 287 404 340 c.
429 263 585 340 sunroru
606 242 836 352 mruounnr
859 288 909 342 un
930 288 1022 340 vrrs
1045 287 1247 340 cansarum

296 459 434 523 indicere
455 459 584 537 solebat,
602 466 725 538 praeter
745 461 849 540 equile
870 479 1076 521 marmoreum
1100 466 1131 521 et
1153 479 1303 540 praesepe

296 565 465 626 eburneum
487 571 671 644 praeterque
694 585 851 644 purpurea
872 572 1054 642 tegumenta
1075 585 1110 626 ac
1133 566 1265 627 monilia
1285 584 1302 627 e

295 671 437 748 gemmis,
448 672 575 731 domurn
590 671 684 732 etiam
699 676 731 731 et
745 671 900 732 familiam
916 677 947 730 et
962 671 1188 748 supellectilem
1204 672 1302 748 dedit,

295 795 357 854 quo
371 776 489 838 lautius
503 777 629 836 nomine
640 777 708 837 eius
719 777 847 837 invitati
859 777 1087 855 acciperentur;
1105 776 1303 839 consulatum

265 899 280 946 5
295 902 419 961 quoquo
432 883 568 943 traditur
582 883 765 944 destinasse.

336 989 388 1049 Ita
404 989 605 1049 bacchantem
624 993 720 1065 atque
736 993 931 1064 grassantem
948 1007 1012 1048 non
1025 987 1130 1048 defuit
1143 987 1301 1066 plerisque
1315 1000 1354 1052 56

296 1093 418 1154 animus
433 1092 558 1154 adoriri.
596 1094 658 1154 Sed
671 1105 736 1154 una
749 1093 910 1172 alteraque
923 1093 1154 1171 conspiratione
1168 1094 1300 1170 detecta,

447 1201 449 1204 ’
522 1199 595 1260 aliis
620 1218 675 1277 per
703 1199 843 1277 inopiam
871 1199 1043 1260 occasionis
1071 1198 1300 1276 cunctantibus,

296 1299 468 1359 conspiracio·
523 1305 584 1364 duo
619 1303 786 1366 consilium
824 1304 1133 1364 communicaverunt
1167 1304 1302 1382 perfece-

251 1423 280 1470 10
295 1374 450 1495 ffimm
522 1415 667 1487 runtque,
686 1428 750 1468 non
771 1409 839 1470 sine
859 1409 1051 1470 conscientia
1070 1409 1302 1487 potentissimo-

521 1534 590 1573 rum
615 1513 799 1574 libertorum
820 1515 1112 1592 praefectorumque
1134 1514 1300 1592 praetorii3

296 1620 380 1696 qnod
394 1619 457 1697 ipsi
471 1638 595 1697 quoque
610 1619 671 1681 etsi
685 1619 769 1680 falso
783 1620 816 1679 in
831 1620 966 1697 quadam
981 1619 1196 1680 coniuratione
1210 1619 1302 1698 quasi

295 1725 466 1803 participes
480 1725 644 1801 nominati,
659 1731 821 1804 suspectos
840 1732 946 1786 tamen
961 1744 994 1786 se
1008 1732 1041 1786 et
1055 1726 1176 1787 invisos
1190 1725 1302 1786 sentie-

295 1830 380 1890 bant.
422 1831 506 1890 Nam
527 1837 560 1890 et
579 1831 687 1891 statim
709 1831 848 1891 seductis
871 1850 1015 1908 magnam
1038 1831 1115 1892 fecit
1138 1830 1301 1908 invidiam,

251 1946 280 1992 15
295 1935 447 1996 destricto
466 1936 571 2011 gladio
593 1935 750 1997 affirmans
774 1945 876 2012 oporte
898 1956 929 1998 se
944 1941 1126 2012 periturum,
1146 1940 1175 1995 oe·
1193 1946 1220 1996 et
1239 1939 1302 1996 illis

295 2050 389 2100 morte
403 2045 512 2119 dipsas
529 2045 689 2117 uideretur,
702 2060 760 2102 nec
782 2041 918 2102 cessavit
935 2061 974 2102 ex
993 2059 1030 2101 eo
1048 2041 1210 2101 criminari
1227 2041 1302 2102 alte

295 2166 366 2205 rum
380 2146 472 2206 alteri
487 2151 581 2223 atque
594 2147 677 2206 inter
692 2165 725 2206 se
739 2147 842 2207 omnis
856 2147 1060 2208 committere.

336 2253 415 2314 Cum
440 2251 612 2331 placuisset
638 2251 795 2314 Palatinis
823 2252 907 2314 ludis
936 2252 1115 2330 spectaculo
1143 2271 1302 2328 egressum

295 2358 426 2418 meridie
448 2357 585 2434 adgredi,
600 2358 719 2436 primas
737 2358 798 2420 sibi
819 2363 924 2436 partes
946 2358 1073 2419 Cassius
1096 2358 1236 2418 Chaerea
1249 2356 1303 2417 tri·

249 2476 280 2523 ao
296 2463 397 2524 bunus
416 2464 552 2524 cohortis
573 2463 748 2542 praetoriae
765 2464 956 2542 depoposcit,
974 2483 1067 2542 quem
1086 2463 1185 2524 Gaius
1205 2463 1303 2524 senio·

295 2588 362 2629 rem
374 2569 438 2629 iam
452 2576 489 2630 ut
503 2569 629 2629 mollem
644 2575 677 2629 et
690 2570 906 2630 effeminatum
926 2571 1074 2629 denotare
1088 2568 1174 2629 omni
1188 2568 1302 2646 probro

295 2683 460 2738 consuerat
473 2683 505 2738 et
519 2678 610 2737 modo
626 2678 750 2754 signum
769 2677 891 2756 petenti
909 2677 1061 2755 Priapum
1079 2681 1134 2736 aut
1148 2677 1300 2738 Venerem

296 2782 379 2860 dare,
404 2783 496 2843 modo
521 2783 690 2860 exaliqua
711 2802 806 2843 causa
829 2782 936 2864 agenti
957 2782 1074 2858 gratias
1099 2781 1299 2842 osculandam

295 2906 424 2948 manum
452 2888 564 2948 offerro
590 2888 760 2948 formatam
794 2892 1043 2966 commotamque
1072 2887 1106 2946 in
1134 2886 1302 2947 obscenum

250 3005 280 3052 ao
295 2993 431 3052 modum.
591 2999 593 3006 '

336 3099 474 3158 Futurae
495 3099 599 3160 caedis
618 3099 720 3160 multa
733 3099 877 3178 prodigia
891 3098 1090 3160 exstiterunt.
1134 3097 1301 3177 Olympiae
1315 3111 1353 3165 57

296 3201 499 3265 simulacrum
524 3205 619 3280 Iovis,
645 3205 729 3282 quod
754 3204 886 3266 dissolvi
904 3203 1143 3280 'transferrique
1167 3203 1301 3263 Romam

522 3309 691 3388 placuerat,
707 3316 831 3370 tantum
847 3309 1033 3370 cachinnum
1046 3314 1175 3386 repente
1189 3307 1300 3384 edidit,

295 3392 497 3528 ffiffiff
523 3422 559 3476 ut
581 3417 733 3477 machinis
757 3417 923 3478 labefactis
947 3416 1074 3494 opifices
1099 3414 1300 3491 diffugerint3

251 3528 282 3575 ³⁰
440 3523 463 3548 '·
524 3523 766 3600 superuenitque
783 3522 857 3583 ilico
872 3521 1001 3599 quidam
1019 3521 1147 3583 Cassius
1165 3519 1301 3595 nomine,

297 3625 417 3687 iussum
430 3645 462 3687 se
478 3627 598 3688 somnio
608 3627 765 3688 affirmans
781 3627 942 3687 immolare
958 3633 1083 3687 taurum
1097 3625 1175 3685 Iovi.
1213 3625 1302 3703 Capi-

295 3730 408 3791 tolium
431 3732 554 3811 Capuae
570 3732 616 3792 Id.
633 3733 711 3792 Mar.
728 3732 767 3792 de
781 3731 868 3792 caelo
884 3737 1003 3792 tactum
1018 3735 1076 3807 est,
1089 3731 1167 3790 item
1181 3730 1301 3794 Romae
