3106 4378
480 857 518 922 o.
554 858 762 924 suarem
795 859 1094 938 ruinosum

435 1043 520 1124 DE
563 1043 721 1123 VITA
763 1043 1132 1125 CAESARUM

677 1238 810 1296 mmm
839 1238 894 1298 vr.

709 1415 860 1480 NERO.

237 1733 252 1779 5
323 1715 373 1774 Ex
397 1722 489 1791 gente
512 1713 654 1774 Domitia
675 1714 755 1774 duae
776 1715 917 1775 familiae
937 1715 1126 1792 claruerunt,
1149 1716 1291 1776 Calvino
1326 1732 1342 1781 1

282 1839 351 1879 rum
385 1825 418 1879 et
445 1819 711 1879 Aenobarborum.
762 1820 941 1880 Aenobarbi
972 1827 1131 1880 auctorem
1160 1821 1290 1897 originis

282 1965 438 2025 rnefmny
510 1924 648 2000 itemque
682 1924 876 2000 cognominis
907 1924 1025 1985 habent
1052 1926 1087 1985 L.
1116 1926 1290 1986 Domitium

282 2040 309 2089 of
323 2043 368 2088 tue
510 2027 561 2087 cui
576 2048 646 2087 rure
662 2030 821 2105 quondam
835 2030 1007 2090 revertenti
1026 2030 1155 2090 iuvenes
1173 2031 1290 2107 gemini

282 2115 421 2163 ”mhi
511 2134 690 2209 augustiore
709 2133 812 2194 forma
829 2153 868 2193 ex
888 2153 1019 2195 occursu
1040 2135 1211 2213 imperasse
1230 2141 1291 2196 tra

239 2259 268 2304 10
283 2240 409 2320 duntur,
435 2239 598 2298 nuntiaret
623 2239 747 2298 senatui
771 2258 807 2299 ac
831 2239 947 2318 populo
972 2240 1147 2316 victoriam,
1168 2241 1205 2300 de
1229 2259 1291 2318 qua

282 2345 436 2404 incertum
462 2343 565 2404 adhuc
590 2350 673 2419 erat;
704 2350 798 2422 atque
827 2344 861 2404 in
888 2345 982 2404 fidem
1009 2344 1185 2406 maiestatis
1213 2347 1290 2406 adeo

283 2448 486 2528 permulsisse
502 2448 609 2523 malas,
624 2454 661 2507 ut
676 2467 692 2507 e
710 2449 799 2525 nigro
816 2449 946 2509 rutilum
964 2450 1092 2528 aerique
1113 2450 1289 2511 adsimilem

283 2554 432 2633 capillum
449 2555 623 2613 redderent.
667 2553 756 2623 Quod
771 2554 894 2630 insigne
911 2554 1029 2615 mansit
1048 2562 1081 2615 et
1101 2555 1135 2614 in
1155 2556 1289 2633 posteris

283 2661 360 2735 eius,
375 2679 411 2720 ac
426 2678 539 2736 magna
552 2677 626 2737 pars
640 2659 738 2719 rutila
753 2660 850 2720 barba
868 2661 1006 2719 fuerunt.
1049 2661 1164 2720 Functi
1185 2667 1289 2721 autem

238 2784 267 2828 15
282 2765 498 2826 consulatibus
528 2770 657 2842 septem,
686 2764 848 2841 triumpho
876 2784 1067 2843 censuraque
1100 2765 1229 2843 duplici,
1258 2772 1290 2826 et

283 2870 365 2931 inter
386 2869 535 2948 patricios
561 2868 676 2928 adlecti
699 2878 977 2948 perseveraverunt
998 2889 1106 2930 omnes
1127 2871 1160 2929 in
1182 2872 1288 2932 eodem

283 2975 474 3051 cognomine.
518 2975 565 3033 Ac
580 2993 619 3033 ne
634 2974 837 3052 praenomina
850 2975 976 3052 quidem
990 2973 1058 3036 ulla
1071 2982 1289 3054 praeterquam

285 3080 386 3141 Gnaei
400 3087 432 3140 et
446 3079 526 3139 Luci
541 3085 749 3157 usurparunt;
773 3098 871 3156 eaque
891 3079 960 3158 ipsa
981 3080 1114 3141 notabili
1128 3081 1288 3158 varietate,

284 3186 376 3246 modo
397 3185 617 3245 continuantes
639 3204 733 3244 unum
760 3185 905 3263 quodque
930 3205 985 3263 per
1008 3186 1109 3246 trinas
1131 3205 1289 3264 personas,

238 3305 267 3350 20
284 3292 376 3352 modo
390 3290 583 3351 alternantes
598 3309 654 3368 per
669 3290 817 3366 singulae.
856 3291 940 3350 Nam
955 3291 1092 3369 primum
1108 3292 1296 3351 secundum

284 3417 343 3475 que
365 3416 401 3457 ac
421 3397 550 3456 tertium
572 3396 829 3456 Aenobarborum
854 3397 976 3471 Lucios,
999 3398 1161 3474 sequentis
1182 3417 1290 3458 rursus

283 3511 348 3565 tres
368 3523 406 3564 ex
424 3503 532 3563 ordine
554 3504 677 3564 Gnaeos
699 3504 885 3581 accepimus,
901 3503 1038 3582 reliquos
1061 3503 1187 3564 nonnisi
1201 3504 1291 3564 vicis-

284 3610 343 3670 sim
357 3615 425 3669 tum
443 3608 556 3668 Lucios
573 3615 640 3668 tum
660 3609 792 3670 Gnaeos.
836 3609 942 3668 Pluris
964 3628 980 3668 e
1001 3609 1126 3670 familia
1146 3610 1290 3686 cognosci

228 3774 231 3780 .
284 3715 400 3776 referre
418 3713 562 3790 arbitror,
578 3731 640 3789 quo
661 3713 787 3774 facilius
809 3719 959 3792 appareat
979 3714 1026 3774 ita
1047 3714 1250 3806 degenerasse
1272 3735 1291 3774 a

765 3827 813 3876 106
