3106 4378
607 299 719 348 urana
741 298 790 348 vr.
844 299 951 350 uano.
1219 286 1283 353 127

277 468 411 531 tiatione
432 468 523 548 impii
544 475 577 530 et
595 469 740 531 scelerati
760 488 835 530 voce
854 470 1017 548 praeconis
1038 477 1283 549 summoventur,

278 577 430 676 irpercase
442 594 510 665 ‘non
529 593 623 635 ausus
641 580 696 635 est.
1317 573 1319 583 ¹

319 680 430 740 Iunxit
443 679 613 758 parricidio
629 679 740 740 matris
757 679 871 741 amitae
884 699 1000 742 necem.
1043 682 1145 752 Quam
1159 701 1228 742 cum
1244 702 1284 744 ex

278 786 394 847 duritie
408 785 473 845 alvi
487 785 654 845 cubantem
666 784 818 861 visitaret,
834 791 866 845 et
880 785 937 845 illa
950 791 1089 848 tractans
1103 786 1283 865 lanuginem

277 892 354 967 eius,
368 897 405 952 ut
419 890 543 967 assolet,
558 890 621 950 iarn
637 888 763 966 grandis
777 896 855 950 natu
869 909 925 968 per
939 890 1058 951 blandi·
1298 911 1314 957 s

277 997 339 1058 tias
350 998 433 1059 forte
447 994 599 1056 dixisset:
620 996 722 1056 Simul
732 999 809 1055 hanc
823 1014 969 1072 ernepero,
979 1001 1058 1057 niort
1082 972 1269 1095 fffflff'

277 1105 362 1163 colo:
394 1121 561 1163 conversus
588 1102 629 1161 ad
657 1100 816 1179 proximos
844 1105 1000 1178 confestim
1026 1123 1057 1163 ac
1098 1059 1115 1094 u
1191 1060 1208 1108 p

276 1212 451 1286 posituram
478 1207 567 1266 velut
589 1205 724 1266 irridens
752 1205 806 1282 ait,
836 1207 1056 1285 praecepitque
1088 1209 1218 1270 medicis
1245 1217 1282 1272 ut

276 1313 395 1390 largius
410 1317 581 1391 purgarent
591 1329 725 1388 aegram,
736 1311 870 1372 necdum
882 1313 1050 1373 defunctae
1060 1313 1143 1374 bona
1153 1315 1281 1391 invasit,

277 1438 445 1498 suppresso
459 1423 659 1493 testamento,
675 1435 714 1476 ne
729 1416 807 1495 quid
821 1417 1008 1478 abscederet.
1298 1433 1327 1479 ro

224 1534 261 1586 35
317 1528 441 1587 Uxores
451 1529 576 1602 praeter
587 1522 752 1583 Octaviam
762 1523 842 1583 duas
853 1529 962 1600 postea
972 1523 1080 1584 duxit:
1102 1526 1280 1604 Poppaeam

277 1630 433 1705 Sabinam,
449 1627 628 1707 quaestorio
642 1633 731 1706 patre
745 1633 852 1688 natam
869 1634 901 1687 et
917 1628 1018 1706 equiti
1032 1630 1176 1691 Romano
1189 1638 1282 1692 antea

275 1741 416 1814 nuptam,
429 1735 542 1794 deinde
560 1733 720 1793 Statiliam
734 1732 948 1809 Messalinam,
961 1734 1057 1794 Tauri

276 1840 327 1902 bis
339 1839 477 1901 consulis
494 1858 530 1900 ac
547 1838 751 1916 triumphalis
771 1838 945 1917 abneptem.
989 1839 1057 1910 Qua

275 1952 311 2006 ut
329 1950 499 2031 petopetur,
516 1944 618 2003 virum
636 1944 704 2005 eius
722 1943 865 2003 Atticum
881 1944 1049 2005 Vestinum
1068 1945 1228 2006 consulem
1248 1946 1281 2006 in
1298 1956 1326 2003 lt

274 2050 392 2112 honore
419 2048 697 2134 ipsoltrueidarit.
750 2048 898 2109 Octaviae
929 2049 1188 2110 consuetudinem
1218 2051 1282 2112 cito

275 2161 471 2234 aspernatus,
506 2154 750 2232 corripientibus
788 2154 898 2214 amicis
933 2158 1063 2232 sufficere
1097 2159 1144 2215 r'llr‘
1177 2160 1281 2218 debere

275 2261 438 2340 respondit
453 2264 562 2320 uxoria
576 2269 763 2320 ornamenta.
807 2261 949 2320 Eandem
963 2278 1037 2320 mox
1054 2279 1147 2339 saepe
1161 2262 1282 2323 frustra

276 2366 471 2443 strangulare
499 2365 681 2440 meditatus,
706 2365 830 2426 dimisit
852 2370 890 2425 ut
914 2366 1064 2442 sterilem,
1090 2366 1145 2427 sed
1169 2366 1281 2446 impro

275 2472 369 2532 bante
397 2471 569 2532 divortium
597 2469 714 2548 populo
741 2489 798 2530 neo
826 2477 973 2548 parcente
1001 2470 1161 2548 conviciis,
1186 2453 1327 2536 etiam‘tt
1360 2505 1362 2510 ·

275 2576 436 2653 relegavit,
452 2576 588 2653 denique
603 2575 719 2636 occidit
737 2577 795 2636 sub
811 2576 942 2636 crimine
960 2576 1186 2637 adulteriorum
1204 2579 1281 2645 adeo

275 2681 441 2761 inpudenti
459 2681 614 2758 falsoque,
630 2681 713 2740 utin
728 2681 912 2758 quaestione
931 2683 1176 2759 pernegantibus
1193 2703 1282 2744 cunc

274 2788 317 2849 tis
338 2787 507 2848 Anicetum
528 2788 744 2865 paedagogum
766 2807 857 2848 suum
878 2787 1013 2847 indicem
1034 2788 1211 2864 subiecerit,
1225 2789 1281 2866 qui

275 2892 348 2954 dolo
376 2897 551 2971 stupratam
576 2911 596 2953 a
619 2910 653 2954 se
678 2893 839 2952 fateretur.
881 2893 1070 2972 Poppaeam,
1096 2894 1281 2954 duodecimo

275 2998 326 3059 die
342 3003 414 3077 post
431 2998 603 3058 divortium
626 2997 776 3059 Octaviae
797 2997 832 3057 in
853 2998 1089 3059 matrimonium
1110 3006 1280 3077 acceptam,
1296 3015 1325 3060 25

275 3103 389 3165 dilexit
403 3103 511 3179 unice;
533 3110 565 3163 et
580 3110 686 3164 tamen
701 3103 804 3182 ipsam
819 3122 942 3182 quoque
960 3105 1026 3165 ictu
1043 3104 1138 3165 calcis
1156 3105 1280 3180 occidit,

275 3210 360 3288 quod
381 3228 414 3271 se
435 3228 473 3269 ex
495 3209 690 3287 aurigatione
711 3230 780 3271 sero
800 3230 961 3272 reversum
985 3211 1116 3288 gravida
1136 3215 1169 3270 et
1188 3190 1286 3287 aegra

275 3314 425 3376 conviciis
460 3315 640 3378 incesserat.
697 3317 748 3376 Ex
778 3316 836 3377 hac
871 3317 970 3377 filiam
1005 3315 1082 3376 tulit
1116 3315 1281 3376 Claudiam

275 3420 461 3498 Augustam,
477 3422 646 3500 amisitque
660 3423 829 3484 admodum
844 3422 1009 3484 infantem.

315 3525 447 3588 Nullum
463 3527 540 3588 adeo
554 3527 797 3590 necessitudinis
811 3547 909 3606 genus
924 3533 983 3605 est,
994 3528 1079 3606 quod
1089 3547 1152 3587 non
1167 3526 1281 3588 scelere
1297 3538 1328 3585 ³0

276 3631 453 3710 perculerit.
505 3633 677 3694 Antoniam
706 3633 820 3696 Claudi
847 3633 957 3708 filiam,
985 3638 1182 3695 recusantem
1209 3637 1282 3711 post

244 3733 247 3739 ’
275 3737 439 3816 Poppaeae
453 3743 585 3799 mortem
599 3737 727 3818 nuptias
738 3757 821 3815 suas,
830 3737 923 3818 quasi
932 3737 1121 3800 molitricem
1130 3755 1281 3798 novarum

1080 1801 1127 1849 llis
1136 1802 1218 1850 viver
