3106 4378
513 298 627 355 Manu
649 297 698 350 rr.
752 298 781 349 c.
807 297 1003 349 cumeurn.
1225 289 1266 352 69

261 477 402 533 senserat
422 489 458 532 ae
480 470 613 531 subinde
633 470 671 530 de
694 488 819 530 secessu
839 470 940 547 deque
960 471 1122 548 purgando
1140 472 1267 532 cerebro

260 576 419 654 cogitavit.
456 575 603 637 Creditur
612 575 793 653 potionatus
805 593 825 635 a
838 575 991 636 Caesonia
1004 595 1100 636 uxore
1115 577 1266 637 amatorio

260 682 387 760 quidem
398 680 795 757 medicament0,sedqncd
809 679 991 740 infurorem
1002 679 1142 741 verterit.
1185 683 1266 742 inci-

260 787 387 847 tabatur
401 785 558 846 insomnia
572 785 727 862 maxime3
750 805 850 863 neque
866 785 952 845 enim
967 786 1039 864 plus
1053 806 1148 864 quarn
1162 787 1265 848 tribus

260 890 421 952 nocturnis
432 890 519 952 horis
528 891 718 969 quiescebat,
728 910 764 951 ac
775 910 814 950 ne
826 890 867 951 iis
876 891 1004 968 quidem
1014 891 1139 970 placida
1149 892 1264 969 quiete,
1280 901 1296 948 5

261 998 316 1058 sed
330 997 447 1075 pavida
464 996 554 1057 miris
569 1015 673 1056 rerum
692 995 892 1072 imaginibus,
910 1001 947 1056 ut
967 996 1021 1074 qui
1043 996 1265 1058 inter-ceteras

260 1102 364 1181 pelagi
396 1102 554 1179 quondam
584 1101 720 1178 speciem
751 1101 992 1180 conloquentem
1026 1085 1131 1163 secum
1158 1103 1266 1162 videre

260 1207 347 1267 visus
366 1207 418 1266 sit.
461 1207 599 1283 ideoque
620 1225 733 1282 magna
749 1212 838 1285 parte
857 1207 959 1267 noctis
973 1206 1101 1284 vigiliae
1120 1207 1267 1269 cubandi·

222 1299 224 1304 ⁵
260 1331 320 1389 que
335 1311 439 1372 taedio
453 1330 537 1371 nunc
551 1319 620 1370 toro
636 1311 787 1387 residens,
802 1330 885 1371 nunc
906 1329 962 1389 per
979 1311 1179 1387 longissimas
1198 1332 1266 1392 por-

259 1417 341 1477 ticus
363 1436 460 1492 vagus
486 1418 630 1476 invocare
655 1416 826 1477 identidem
849 1423 942 1494 atque
964 1423 1144 1495 exspectare
1163 1417 1311 1480 lucem1⁰

260 1528 434 1583 consuerat.

208 1634 244 1685 51
299 1629 373 1688 Non
395 1627 553 1688 immerito
573 1627 688 1687 mentis
702 1625 879 1687 valetudini
901 1627 1100 1687 attribuerim
1121 1629 1266 1691 diversis-

260 1733 340 1793 sima
359 1731 394 1791 in
415 1734 523 1792 ecdem
541 1733 628 1808 vitia,
641 1751 795 1792 summam
816 1731 1038 1792 confidentiam

259 1843 292 1897 et
316 1844 424 1898 contra
448 1838 581 1897 nimium
607 1843 733 1897 metum.
776 1838 859 1897 Nam
885 1837 940 1915 qni
965 1839 1037 1898 deos

258 1949 349 2004 tanto
368 1963 459 2021 opere
478 1949 699 2017 contemneret,
715 1944 756 2002 ad
776 1942 909 2002 minima
928 1944 1068 2003 tonitrua
1087 1949 1119 2002 et
1137 1923 1265 2018 fulgura
1281 1954 1309 1998 15

258 2049 411 2124 conivere,
429 2054 524 2126 caput
540 2047 716 2123 obvolvere,
735 2048 774 2108 ad
789 2067 863 2108 vero
880 2049 999 2108 maiora
1015 2048 1174 2126 proripere
1193 2068 1227 2108 se
1247 2068 1264 2108 e

259 2159 358 2214 strato
380 2154 439 2214 sub
464 2153 641 2229 lectumque
669 2153 801 2212 condere
830 2153 959 2214 solebat.
1006 2153 1263 2230 Peregrinatione

259 2259 386 2336 quidem
410 2257 568 2320 Siciliensi
589 2257 692 2319 irrisis
717 2257 851 2317 multum
873 2258 1011 2318 locorum
1034 2258 1204 2334 miraculis,
1221 2279 1265 2318 re-

258 2370 352 2442 pente
367 2384 386 2425 a
402 2367 550 2425 Messana
565 2369 661 2424 noctu
674 2364 816 2442 profugit
829 2364 964 2424 Aetnaei
978 2364 1107 2424 verticis
1126 2365 1214 2424 fumo
1228 2383 1264 2424 ac

257 2489 416 2530 murmure
437 2470 631 2548 pavefactus.
674 2469 838 2531 Adversus
859 2469 1007 2530 barbaros
1026 2488 1150 2547 quoque
1168 2470 1264 2530 mina·
1280 2480 1309 2525 no

257 2575 411 2651 cissimus,
427 2594 497 2635 cum
516 2581 605 2636 trans
624 2575 772 2635 Rhenum
791 2577 875 2634 inter
889 2574 1050 2650 angustias
1070 2576 1264 2652 densumque

258 2699 369 2757 agmen
383 2681 444 2741 iter
458 2682 568 2742 essedo
579 2681 706 2756 faceret,
719 2680 843 2740 dicente
854 2681 992 2758 quodam
1002 2698 1065 2739 non
1077 2679 1263 2740 mediocrem

258 2786 325 2846 fore
341 2786 625 2847 consternationem
637 2785 766 2846 sicunde
777 2784 879 2846 hostis
895 2791 1053 2863 appareat,
1066 2804 1178 2863 equum
1190 2785 1264 2847 ilico

258 2892 439 2952 conscendit
453 2911 489 2953 ac
504 2911 634 2970 propere
649 2911 792 2952 reversus
803 2892 844 2952 ad
859 2897 980 2969 ponteS,
992 2897 1091 2951 utens
1103 2890 1263 2952 calonibus

258 3002 291 3057 et
311 2997 547 3075 impedimentis
570 2999 704 3077 stipatos
728 2998 876 3077 repperit,
894 2997 1062 3075 impatiens
1084 3015 1188 3056 morae
1208 3016 1264 3074 per
1280 3008 1309 3054 25

258 3121 369 3163 manus
394 3122 429 3162 ae
454 3122 548 3181 super
572 3104 677 3182 capita
700 3104 861 3165 hominnm
886 3102 1059 3164 translatus
1085 3107 1140 3164 est
1187 3103 1264 3162 Mox

258 3207 354 3267 etiam
379 3208 489 3269 audita
512 3210 682 3272 rebellione
708 3211 904 3286 Germaniae,
931 3210 1039 3285 fugam
1064 3213 1095 3268 et
1124 3207 1264 3268 subsidia

258 3313 352 3390 fugae
371 3314 488 3376 classes
510 3316 690 3394 apparabat,
710 3336 774 3376 unc
795 3316 911 3376 solacio
932 3315 1146 3392 adquiescens,
1166 3319 1265 3374 trans·
1338 3293 1339 3299 ἵ

258 3419 396 3480 marinas
420 3426 504 3481 certe
529 3421 590 3482 sibi
615 3422 833 3500 superfuturas
859 3421 1047 3499 provincias,
1074 3420 1101 3480 si
1129 3418 1264 3480 victores

258 3521 390 3602 Alpium
411 3525 493 3602 iuga,
516 3531 554 3586 ut
575 3525 703 3601 Cimbri,
727 3526 779 3605 vel
803 3526 901 3586 etiam
922 3527 1041 3601 urbem,
1064 3530 1101 3585 nt
1126 3526 1264 3585 Senones
1280 3538 1310 3583 eu

258 3629 426 3706 quondam,
455 3637 658 3710 occuparent,
693 3631 777 3692 unde
809 3630 901 3691 credo
933 3630 1168 3708 percussoribus
1197 3630 1264 3690 eius

257 3737 368 3813 postea
380 3733 548 3798 consilium
560 3742 681 3813 natum,
692 3737 777 3815 apud
787 3735 1018 3798 tumultuantes
1033 3734 1150 3796 milites
1165 3753 1266 3795 emen-

1064 1793 1187 1852 rrmruty
