3106 4378
495 305 605 356 arana
629 307 662 357 v,
717 307 829 357 uivus
853 308 1046 360 susumus
1230 298 1269 362 91

263 477 381 554 pariter
401 496 473 536 cum
495 477 590 553 vulgo
611 497 685 538 voce
707 479 878 557 digitisque
904 487 1092 555 numeraret,
1118 501 1154 542 ac
1179 501 1272 561 saepe

264 582 418 642 hortando
432 583 632 660 rogandoque
650 585 690 644 ad
708 584 899 644 hilaritatem
921 585 1062 646 homiues
1080 594 1271 664 provocaret,

264 689 406 748 dominos
421 688 594 748 identidem
609 690 782 767 appellans,
799 690 953 750 immixtis
972 691 1129 751 interdum
1146 693 1272 769 frigidis

264 800 296 853 et
316 794 475 853 arcessitis
497 794 590 870 iocis3
613 795 716 873 qualis
738 802 787 856 est
807 802 843 855 ut
864 815 934 855 cum
957 796 1144 856 Palumbum
1169 805 1273 875 postu·

264 899 405 960 lantibus
420 904 563 960 daturam
578 921 608 960 se
623 901 777 978 promisit,
793 906 821 960 oi
834 911 938 978 captus
953 911 1033 961 esset.
1079 903 1165 962 Illud
1180 904 1272 980 plane
1288 916 1301 960 o

264 1006 467 1082 quantumvis
485 1006 653 1066 salubriter
671 1006 751 1066 etin
767 1013 924 1084 tempore:
947 1026 1018 1066 cum
1035 1008 1202 1084 essedario,
1216 1028 1273 1086 pro
1333 1023 1338 1032 ’

264 1130 326 1188 quo
348 1117 495 1187 quattuor
516 1111 576 1168 filii
597 1111 852 1188 deprecabantur,
868 1131 983 1188 magno
1004 1112 1143 1172 omnium
1165 1113 1273 1172 favore

228 1275 229 1280 ,
265 1215 450 1274 indulsisset
472 1216 589 1288 rudem,
607 1215 748 1275 tabulam
768 1213 855 1272 illico
876 1213 965 1274 misit
983 1214 1155 1274 admonens
1178 1235 1274 1294 popu·
1382 1213 1385 1220 '

265 1318 340 1394 lum,
355 1327 469 1394 quanto
488 1337 574 1394 opere
592 1321 702 1378 liberos
720 1321 869 1394 amalpere
887 1321 1101 1394 deberetqaoa
1118 1321 1274 1378 videreta

266 1423 429 1500 gladiatori
442 1425 601 1497 praecidio
619 1426 793 1498 gratiaeque
813 1440 882 1480 esso.
925 1420 1037 1480 Edidit
1054 1420 1138 1480 etin
1155 1421 1273 1481 Martio
1289 1435 1316 1480 ro

266 1545 376 1604 campo
397 1526 663 1604 expugnationem
684 1525 955 1603 direptionemque
977 1525 1086 1602 oppidi
1107 1526 1148 1584 ad
1165 1525 1273 1601 imagi-

266 1651 337 1692 nem
362 1632 508 1692 bellicam
533 1637 565 1690 et
589 1631 781 1690 deditionem
805 1630 989 1689 Britanniae
1014 1649 1131 1706 regum,
1153 1649 1273 1708 praese·

267 1738 376 1814 ditque
404 1737 582 1815 paludatus.
631 1737 714 1807 Quin
738 1742 770 1795 et
794 1735 966 1795 emissurus
991 1735 1145 1794 Fucinum
1168 1735 1271 1796 lacum

267 1842 484 1902 naumachiam
507 1847 590 1924 aute
608 1840 773 1901 commisit.
818 1841 879 1900 Sed
907 1859 978 1899 cum
1006 1840 1271 1918 proclamantibus

266 1947 520 2021 naumachiariis,
557 1949 647 2006 Have
681 1950 854 2022 imperator,
889 1950 1031 2005 morituri
1062 1955 1089 2005 tc
1119 1949 1272 2006 salutant!
1289 1964 1317 2009 lo

266 2053 489 2129 respondisset,
518 2052 583 2110 Aut
606 2053 688 2110 aori!
723 2069 825 2129 neque
850 2056 922 2128 post
945 2051 1026 2110 hanc
1048 2070 1156 2110 vocem
1180 2052 1271 2128 quasi

267 2157 358 2216 venia
379 2157 454 2216 data
475 2157 641 2233 quisquam
663 2156 812 2216 dimicare
834 2155 940 2230 vellet,
963 2155 1018 2215 diu
1045 2162 1210 2216 cunctatus
1232 2176 1272 2216 an
1352 2225 1358 2234 Ι

266 2261 366 2322 omnis
389 2262 455 2338 igni
476 2262 622 2338 ferroque
644 2261 830 2336 absumeret,
845 2239 973 2320 tandem
995 2278 1011 2319 e
1033 2262 1106 2321 sede
1127 2281 1185 2322 sua
1204 2281 1272 2340 pro

266 2367 355 2427 siluit
376 2385 412 2426 ac
435 2386 490 2444 per
513 2367 665 2426 ambitum
690 2366 777 2426 lacus
792 2385 854 2424 non
875 2366 943 2425 sine
962 2366 1056 2426 foeda
1069 2366 1271 2426 vacillatione
1353 2427 1356 2432 ,

266 2472 452 2547 discurrens,
474 2471 590 2549 partim
612 2471 761 2530 minando
781 2471 899 2548 partim
920 2471 1116 2530 adhortando
1137 2472 1178 2532 ad
1198 2492 1272 2549 pug-
1288 2487 1318 2532 ao

265 2597 338 2636 nam
352 2576 513 2655 compulit.
556 2577 625 2636 Hoc
646 2576 825 2654 spectaculo
844 2575 955 2636 classis
975 2575 1080 2636 Sicula
1099 2582 1131 2636 et
1147 2577 1273 2637 Rhodia

264 2690 495 2758 concurrerunt,
518 2684 734 2743 duodenarum
754 2682 932 2742 triremium
954 2682 1106 2758 singulae,
1130 2684 1272 2743 exciente

264 2790 378 2849 bucina
391 2788 521 2848 Tritone
538 2793 696 2864 argentea,
712 2787 767 2865 qui
785 2787 920 2847 emedio
938 2786 1009 2846 lacu
1023 2807 1079 2866 per
1094 2789 1271 2849 machinam
1346 2806 1349 2809 ·

264 2900 440 2954 emerserat.

212 3015 250 3067 aa
304 2999 464 3070 Quaedam
486 2999 569 3059 circa
593 2998 797 3059 caerimonias
826 2997 1014 3075 civilemque
1043 3006 1075 3058 et
1102 2999 1271 3062 militarem
1287 3021 1317 3066 aa

264 3123 390 3178 morem,
408 3103 483 3163 item
506 3104 589 3164 circa
610 3104 749 3163 omnium
772 3102 919 3162 ordinum
938 3110 1057 3164 statum
1076 3104 1162 3164 domi
1181 3105 1272 3166 foris-

264 3228 325 3286 que
346 3215 400 3269 aut
421 3210 566 3284 correxit,
583 3214 638 3269 aut
660 3208 783 3269 exoleta
806 3208 974 3283 revocavit,
990 3214 1046 3269 aut

264 3314 359 3388 etiam
387 3334 469 3374 nova
497 3314 647 3374 instituit.
699 3315 738 3373 In
772 3314 956 3391 cooptandis
973 3322 1046 3392 'per

264 3420 397 3497 collegia
419 3420 633 3480 sacerdotibus
655 3419 814 3478 neminem
834 3419 898 3480 nisi
923 3419 1045 3480 iuratus

264 3525 456 3601 nominavit3
483 3525 725 3602 observavitque
751 3524 869 3599 sedulo,
891 3530 937 3600 ut,
963 3525 1109 3602 quotiens
1134 3531 1218 3586 terra
1238 3525 1272 3584 in
1288 3543 1318 3589 30

264 3631 339 3690 urbe
355 3631 514 3705 movisset,
530 3630 626 3690 ferias
642 3630 795 3690 advocata
809 3630 954 3690 contione
968 3636 1094 3707 praetor
1108 3629 1270 3704 indiceret,
1333 3657 1336 3662 ·

265 3742 370 3812 utque,
393 3735 462 3795 dira
484 3754 542 3795 ave
566 3735 599 3794 in
623 3733 781 3811 Capitolio
801 3734 879 3809 visa,
901 3735 1075 3796 obsecratio
1095 3735 1271 3808 haberetur,

1071 3291 1135 3338 civil
1151 3293 1200 3339 and
1217 3292 1272 3338 reli·

1071 3367 1144 3426 mous
1155 3366 1261 3414 reforma
