3106 4378
594 295 705 348 anum
726 295 775 348 vn
828 297 935 348 nuso.
1207 285 1272 352 129

266 489 325 546 que
341 487 460 530 veneno
475 474 530 530 aut
547 471 648 546 fame;
672 476 804 546 constat,
820 471 973 552 quosdam
992 489 1062 531 cum
1080 471 1272 550 paedagogis

266 580 297 634 et
319 575 469 660 capsariis
490 594 553 635 unc
574 575 707 653 prandio
727 574 846 654 pariter
864 581 1001 652 necatos,
1023 575 1101 637 alios
1123 569 1272 636 diurnum

264 679 384 740 victum
399 679 575 759 prohibitos
590 699 748 757 quaerere.

213 788 251 840 37
305 785 423 846 Nullus
448 785 579 864 posthac
604 786 765 846 adhibitus
789 786 924 847 dilectus
949 792 1004 848 aut
1027 789 1138 872 modus
1165 787 1273 848 interi-

219 935 223 943 .
267 891 372 950 mendi
393 909 606 969 quoscumque
628 891 774 952 libuisset
794 909 989 970 quacumque
1007 892 1045 952 de
1064 911 1166 953 causa
1210 894 1302 954 Sede

265 1016 305 1056 ne
326 998 365 1057 de
386 996 530 1074 pluribus
551 997 697 1072 referam,
721 996 905 1058 Saluidieno
925 996 1026 1058 Orfito
1045 997 1200 1059 obiectum
1223 1005 1272 1059 est

265 1103 350 1179 quod
370 1103 517 1162 tabernas
538 1107 603 1163 tres
624 1103 664 1162 de
685 1101 778 1162 domo
796 1120 854 1162 sua
872 1101 954 1163 circa
970 1103 1074 1163 forum
1088 1103 1271 1165 civitatibus

265 1208 306 1267 ad
328 1207 495 1268 stationem
517 1207 661 1283 locasset,
683 1207 794 1269 Cassio
814 1207 957 1283 Longino
977 1207 1057 1268 iuris
1075 1207 1219 1269 consulto
1236 1227 1272 1269 ac

265 1312 436 1374 luminibus
448 1313 566 1388 orbato,
578 1313 662 1390 quod
674 1311 708 1371 in
718 1317 824 1373 vetere
838 1311 950 1389 gentili
963 1318 1127 1372 stemmate
1138 1312 1171 1373 0.
1182 1312 1273 1375 Cassi

266 1419 458 1496 percussoris
473 1417 616 1478 Caesaris
631 1417 784 1494 imagines
799 1417 991 1494 retinuisset,
1002 1418 1103 1478 Paeto
1116 1417 1273 1480 Thraseae
1289 1427 1318 1472 10

266 1523 387 1584 tristior
411 1529 443 1584 et
466 1523 640 1602 paedagogi
664 1523 781 1584 vultus.
825 1522 908 1582 Mori
932 1521 1028 1583 iussis
1049 1542 1113 1583 non
1135 1524 1272 1602 amplius

266 1647 359 1706 quam
379 1629 477 1689 trium
497 1629 645 1689 horarum
666 1628 804 1707 spatium
825 1627 935 1704 dabat3
961 1647 997 1688 ac
1017 1646 1058 1688 ne
1076 1628 1154 1706 quid
1168 1647 1273 1690 morae

266 1734 482 1810 interveniret,
497 1733 634 1794 medicos
650 1732 837 1793 admovebat
850 1733 905 1812 qui
922 1739 1105 1794 cunctantes
1124 1733 1273 1794 continuo

266 1845 410 1900 curarent
422 1839 481 1919 (ita
492 1839 576 1899 enim
587 1839 758 1899 vocabatur
768 1857 865 1898 venas
876 1837 987 1899 mortis
998 1839 1100 1914 gratia
1109 1839 1271 1922 incidere).

266 1945 412 2005 Creditur
431 1945 528 2005 etiam
549 1943 731 2023 polyphago
752 1942 876 2003 cuidam
895 1942 1037 2022 Aegypti
1055 1943 1187 2020 generis,
1207 1954 1318 2004 cru-15

265 2049 339 2110 dam
359 2069 484 2110 carnem
506 2054 539 2110 et
560 2047 716 2126 quidquid
737 2048 866 2108 daretur
887 2049 1034 2108 mandere
1053 2054 1189 2126 assueto,
1204 2067 1273 2109 con-

264 2154 389 2233 cupisse
403 2155 492 2216 vivos
507 2153 650 2214 homines
668 2152 833 2215 laniandos
852 2152 1121 2231 absumendosque
1140 2153 1270 2215 obicere.

264 2260 377 2321 Elatus
391 2260 581 2338 inflatusque
595 2258 696 2319 tantis
710 2259 799 2318 velut
814 2258 1017 2335 successibus,
1032 2259 1161 2336 negavit
1174 2279 1273 2336 paene
1332 2335 1334 2338 Ι

265 2385 357 2442 quum
378 2369 555 2442 principum
583 2369 673 2424 scisse
697 2367 770 2440 quid
793 2367 853 2423 cibi
876 2367 984 2439 liceret,
1008 2365 1187 2443 multasque
1214 2384 1272 2425 nec

264 2470 377 2532 dubias
398 2470 642 2548 significationes
665 2488 758 2547 saepe
779 2469 862 2545 iecit,
881 2488 922 2529 ne
942 2469 1075 2547 reliquis
1094 2469 1222 2548 quidem
1239 2488 1272 2530 se
1288 2475 1318 2522 20

265 2595 430 2654 parsurum
442 2575 649 2651 senatoribus,
661 2593 795 2652 eumque
808 2575 951 2636 ordinem
966 2575 1163 2636 sublaturum
1177 2592 1273 2651 quan-

264 2682 366 2760 doque
394 2701 411 2742 e
438 2700 472 2741 re
500 2681 627 2760 publica
653 2700 689 2742 ec
717 2680 895 2758 provincias
923 2685 955 2740 et
983 2681 1139 2741 exercitus
1170 2680 1272 2758 equiti

264 2788 407 2848 Romano
418 2806 453 2847 ac
468 2786 591 2847 libertis
606 2785 842 2864 permissurum.
885 2785 977 2846 Certe
987 2804 1088 2863 neque
1100 2785 1272 2847 adveniens

264 2911 365 2970 neque
393 2891 594 2970 proficiscens
623 2910 812 2970 quemquam
840 2890 947 2951 osculo
975 2890 1139 2968 impertiit,
1168 2909 1204 2951 ac
1231 2910 1271 2951 ne

264 2997 488 3059 resalutatione
516 2997 660 3075 quidem3
693 3002 725 3057 et
751 2997 787 3056 in
814 2996 1007 3075 auspicando
1034 3014 1126 3074 opere
1154 2996 1317 3057 Isthmiae

264 3123 378 3181 magna
391 3104 571 3181 frequentia
588 3104 670 3164 clare
685 3113 718 3164 ct
731 3108 790 3164 sibi
803 3124 839 3164 cc
850 3107 964 3180 populo
981 3105 1121 3165 Romano
1136 3106 1207 3163 bene
1223 3123 1272 3164 res

263 3219 386 3270 verteret
400 3209 531 3287 optavit,
548 3209 748 3270 dissimulata
764 3215 890 3270 senatus
905 3209 1071 3270 mentione.

212 3322 249 3374 38
304 3315 365 3376 Sed
380 3334 438 3376 nec
451 3316 568 3394 populo
580 3322 635 3376 aut
647 3316 809 3376 moenibus
821 3315 942 3393 patriae
951 3314 1100 3393 pepercit.
1136 3315 1270 3376 Dicente

263 3421 399 3498 quodam
413 3420 447 3480 in
459 3440 601 3482 sermone
618 3420 792 3481 communi:

492 3527 579 3604 Έμοῦ
593 3527 723 3590 θανόντος
736 3531 802 3607 γαΐα
815 3526 944 3607 μιχθήτω
957 3529 1028 3606 πυρί
1038 3528 1051 3586 I
1286 3541 1314 3586 ³⁰

263 3635 371 3706 Immo,
401 3632 515 3710 inquit,
544 3636 612 3709 ἐμοῦ
639 3633 759 3704 (dormi
792 3630 947 3708 planeque
975 3630 1022 3691 ita
1048 3631 1135 3692 fecit.
1185 3633 1269 3692 Nam

263 3737 355 3815 quasi
377 3737 515 3798 offensus
537 3735 740 3798 deformitate
761 3741 902 3796 veterum
930 3734 1145 3826 aedificiorum
1166 3741 1198 3796 et
1219 3755 1270 3796 an-
