3106 4378
475 304 598 356 'arans
620 305 655 356 v.
708 305 822 357 urvus
846 305 1040 358 cosumus.
1226 295 1269 361 97

261 477 366 556 palam
381 475 563 538 immutatos
579 479 723 538 datorum
737 479 907 539 officiorum
926 479 1104 556 codicillos3
1127 479 1269 558 Appium
1356 493 1357 496 ’

262 583 404 644 Silanum
439 601 639 643 consocerum
674 603 775 659 suum,
803 584 966 663 luliasque
1001 583 1132 644 alteram
1159 584 1268 661 Drusi,

260 690 390 750 alteram
406 688 585 750 Germanioi
600 688 709 765 filiam,
725 688 855 750 crimine
869 690 989 749 incerto
1008 707 1065 749 nec
1084 690 1268 750 defensione

259 795 326 855 ulla
336 796 411 856 data
425 793 548 870 occidit,
559 793 636 854 item
647 783 703 855 ci.
716 795 902 873 Pompeium
917 795 1044 854 maioris
1059 785 1143 855 filiae
1154 796 1267 871 virum,

260 907 292 960 et
313 902 347 960 L.
370 900 511 961 Silanum
534 900 664 960 minoris
688 919 845 978 sponsum.
887 901 937 960 Ex
959 900 1074 978 quibus
1097 901 1299 979 Pompeiust

261 1053 267 1066 .
288 1053 295 1065 .
317 1053 323 1066 .
344 1007 509 1068 confossus
526 1012 582 1082 est,
597 1006 724 1066 Silanus
739 1006 884 1067 abdicare
898 1025 931 1066 se
945 1012 1093 1084 praetura
1107 1012 1179 1066 ante
1194 1007 1267 1067 IIII

259 1111 332 1172 Kal.
348 1114 416 1172 Ian.
432 1112 573 1189 morique
589 1105 681 1171 initio
696 1111 771 1171 anni
788 1118 922 1186 coaetus,
938 1112 989 1171 die
1011 1111 1080 1190 ipso
1102 1113 1215 1173 Claudi
1236 1118 1268 1173 et

262 1217 455 1296 Agrippinae
469 1217 659 1296 nuptiarum.
704 1217 745 1294 In
759 1217 898 1295 quinque
912 1223 944 1278 et
961 1217 1094 1294 triginta
1108 1225 1268 1280 senatores

259 1328 476 1401 trecentosque
502 1322 638 1401 amplius
665 1322 787 1400 equites
813 1323 971 1383 Romanos
998 1329 1089 1383 tanta
1112 1323 1267 1385 facilitate

259 1428 491 1503 animadvertit,
521 1433 565 1504 ut,
594 1429 633 1488 de
663 1447 739 1488 nece
771 1428 945 1488 consularis
973 1428 1036 1488 viri
1066 1431 1267 1490 renuntiante
1284 1447 1314 1494 10
1372 1489 1373 1492 ,

258 1533 440 1594 centurione
464 1534 584 1594 factum
610 1552 677 1596 esse
704 1534 789 1612 quod
813 1534 1010 1612 imperasset,
1033 1540 1163 1611 negaret
1185 1535 1268 1615 quic

258 1658 352 1716 quam
385 1659 417 1700 se
451 1639 629 1717 imperasse,
664 1639 767 1699 nihilo
800 1639 905 1700 minus
940 1658 1007 1699 rem
1042 1641 1266 1718 comprobaret,

258 1744 485 1806 affirmantibus
517 1744 640 1805 libertis
673 1744 775 1805 officio
804 1744 923 1806 milites
951 1745 1086 1821 functos,
1116 1747 1199 1824 quod
1227 1745 1267 1806 ad

257 1850 411 1911 ultionem
433 1850 630 1928 imperatoris
654 1850 739 1911 ultro
761 1851 1039 1928 procucurrissent.
1081 1852 1165 1911 Nam
1186 1833 1268 1911 illud

258 1974 380 2015 omnem
405 1955 500 2015 fidem
526 1955 695 2016 excesserit
723 1956 808 2034 quod
833 1955 965 2033 nuptiis,
991 1975 1069 2034 quas
1094 1956 1313 2017 Messalinam

257 2078 327 2120 cum
353 2060 496 2120 adultero
526 2059 605 2120 Silio
631 2061 758 2136 fecerat,
783 2061 918 2121 tabellas
943 2061 1026 2121 dotis
1051 2067 1083 2121 et
1107 2061 1175 2139 ipse
1199 2080 1268 2121 con-

258 2165 438 2241 signaverit,
459 2165 615 2240 inductus‚
636 2166 727 2242 quasi
747 2166 785 2226 de
805 2166 964 2226 industria
985 2166 1209 2226 simularentur
1226 2167 1268 2227 ad

257 2271 462 2330 avertendum
478 2271 795 2349 transferendumque
809 2271 994 2350 periculum,
1005 2272 1089 2349 quod
1104 2271 1267 2332 imminere

257 2376 319 2454 ipsi
334 2394 389 2454 per
405 2376 558 2452 quaedam
574 2381 699 2436 ostenta
712 2362 961 2454 portenderetur.

205 2497 243 2548 30
297 2469 479 2541 Auctoritas
506 2481 705 2559 dignitasque
731 2482 851 2542 formae
877 2502 942 2541 non
965 2482 1069 2543 defuit
1093 2482 1132 2558 ei,
1156 2501 1267 2542 verum
1282 2500 1313 2546 ao

257 2587 355 2647 stanti
377 2586 428 2646 vel
451 2586 574 2646 sedenti
595 2605 631 2647 ao
652 2587 818 2664 praecipue
838 2587 1029 2664 quiescenti;
1053 2590 1186 2667 (namet
1201 2607 1268 2666 pro

256 2691 322 2753 lixo
335 2710 393 2752 nec
408 2691 484 2751 exili
501 2685 628 2769 corpore
648 2698 723 2767 erat,
740 2697 773 2752 et
792 2693 895 2770 specio
916 2693 1042 2753 canitie-

257 2817 318 2875 que
345 2797 463 2876 pulcra,
491 2797 604 2875 opimis
632 2796 820 2878 cervicibus)
847 2803 984 2858 ceterum
1009 2803 1042 2858 et

257 2903 485 2981 ingredientem
522 2902 737 2963 destituebant
772 2902 909 2981 poplites
937 2903 1041 2963 minus

257 3008 349 3084 firmi,
373 3014 405 3068 et
428 3008 558 3068 remisse
583 3008 660 3086 quid
688 3008 739 3068 vel
769 3008 849 3068 serio
874 3015 1019 3085 agentem
1047 3009 1148 3070 multa
1176 3010 1268 3069 deho
1283 3030 1313 3075 25

257 3113 441 3174 restabant:
473 3113 556 3174 risus
584 3113 743 3189 indecens,
766 3113 814 3174 ira
835 3114 957 3192 turpior
981 3120 1146 3192 spumante
1174 3114 1266 3191 rictu,

258 3219 436 3279 umentibus
453 3218 591 3295 naribus,
602 3225 765 3296 praeterea
778 3219 904 3296 linguae
918 3219 1098 3296 titubantia,
1111 3226 1267 3299 caputque

258 3344 328 3385 oum
353 3343 483 3403 semper,
509 3331 577 3384 tum
600 3324 634 3383 in
659 3325 946 3404 quantulocumque
970 3330 1044 3386 actu

206 3450 242 3501 31
257 3429 309 3490 vel
320 3429 455 3491 maxime
466 3429 645 3490 tremulum.
675 3428 865 3490 Valetudine
876 3431 957 3492 sicut
966 3430 1043 3490 olim

258 3535 355 3613 gravi,
378 3536 425 3596 ita
445 3535 592 3614 princeps
613 3553 764 3613 prospera
784 3555 860 3596 usus
882 3541 939 3612 est,
961 3541 1092 3613 excepto
1114 3536 1267 3596 stomachi
1283 3559 1313 3605 30

258 3633 373 3715 dolore,
396 3659 458 3718 quo
479 3659 512 3702 se
535 3644 714 3718 correptum
738 3639 834 3701 etiam
860 3642 899 3700 de
924 3639 1145 3701 consciscenda
1168 3646 1267 3701 morte

258 3746 412 3823 cogitasse
426 3745 517 3806 dixit.

1067 2773 1187 2821 Personat
1196 2785 1241 2834 ap

1067 2860 1188 2908 pearance

1067 3393 1161 3440 Health
