3078 4380
467 1002 506 1068 u.
541 1001 752 1068 sunrour
783 975 1081 1080 runuuumnr

445 1187 527 1269 DE
568 1187 718 1268 VITA
760 1185 1102 1268 CAESARUM

666 1380 800 1439 mnus
828 1380 891 1440 111.

642 1555 900 1621 TIBERIUS.

238 1878 255 1930 1
309 1869 450 1932 Patricia
469 1889 545 1947 gens
567 1869 701 1931 Claudia
722 1869 800 1950 (fuit
823 1870 908 1930 enim
929 1875 961 1930 et
981 1869 1045 1930 alia
1066 1869 1197 1948 plebeia,
1218 1885 1307 1931 neon

270 1975 414 2054 potentia
427 1975 529 2035 minor
543 1993 601 2035 neo
615 1974 784 2056 dignitate)
801 1980 871 2034 orta
884 1979 933 2035 est
947 1993 986 2034 ex
1000 1974 1145 2050 Regillis,
1160 1975 1277 2053 oppido

271 2079 466 2140 Sabinorum.
524 2079 604 2138 Inde
617 2079 751 2140 Romam
769 2097 878 2140 reeens
893 2079 1050 2140 conditam

270 2202 340 2244 oum
367 2203 482 2260 magna
508 2183 673 2244 clientium
700 2203 796 2244 manu
822 2183 1050 2261 commigravit,
1076 2153 1262 2275 {acuum

269 2293 395 2349 auotore
423 2289 496 2349 Tito
525 2289 618 2349 Tatio
651 2294 796 2349 consorte
822 2287 961 2365 Romuli,
989 2289 1049 2364 vel,

267 2395 353 2475 quod
376 2395 478 2472 magis
499 2399 633 2469 constat,
656 2392 737 2454 Atta
755 2391 889 2454 Claudio
910 2393 1013 2469 gentis
1033 2393 1184 2472 principe,
1204 2399 1322 2472 poetro

268 2520 357 2579 reges
368 2507 495 2561 exactos
507 2505 596 2561 sexto
606 2499 674 2559 fere
685 2517 783 2576 anno;
804 2505 899 2577 atque
911 2497 944 2557 in
956 2498 1106 2576 patricias
1120 2505 1276 2578 cooptata,

268 2626 378 2683 agrum
399 2605 529 2682 insuper
549 2610 638 2664 trans
659 2603 814 2664 Anienem
837 2603 1006 2664 clientibus
1027 2603 1192 2682 lorumque
1215 2602 1277 2665 sibi

268 2713 309 2774 ad
325 2711 521 2791 sepulturam
541 2709 599 2770 sub
621 2708 778 2787 Capitolio
797 2709 921 2788 publice
941 2709 1069 2787 aooepit.
1119 2709 1277 2788 Deinoeps

268 2818 456 2897 procedente
475 2822 615 2893 tempore
636 2814 874 2890 duodetriginta
893 2814 1084 2890 consulatus,
1104 2816 1277 2876 dictaturas

268 2923 417 3001 quinque,
437 2940 585 2981 censuras
605 2926 735 2998 septem,
753 2920 931 3000 triumphos
943 2939 1008 2997 sex,
1024 2921 1101 2982 duas
1117 2919 1278 2981 ovationes
1295 2933 1324 2980 15

269 3029 384 3106 adepta
397 3031 454 3088 est.
498 3027 577 3088 Cum
592 3024 848 3104 praenominibus
863 3025 1162 3104 eognominibusque
1181 3026 1278 3086 variis

270 3132 527 3210 distingueretur,
563 3131 642 3191 Luoi
678 3150 867 3210 praenomen
902 3150 1056 3192 consensu
1089 3131 1278 3210 repudiavit,

270 3244 438 3317 postquam
460 3256 477 3298 e
501 3237 622 3298 duobus
647 3218 819 3315 gentilibus
842 3237 994 3316 praeditis
1022 3257 1058 3298 eo
1087 3237 1166 3298 alter
1188 3237 1280 3298 latro-

271 3343 355 3419 oinii,
370 3343 476 3404 raedis
494 3343 574 3404 alter
589 3343 751 3404 convietus
766 3349 823 3404 est.
866 3343 956 3404 Inter
972 3343 1159 3420 cognomina
1174 3347 1280 3403 autem

271 3454 303 3509 et
329 3449 467 3510 Neronis
495 3449 677 3528 assumpsit,
706 3468 770 3527 quo
797 3449 996 3526 significatur
1027 3448 1137 3526 lingua
1165 3447 1325 3510 Sabinam

271 3553 364 3615 fortis
386 3573 423 3615 ao
446 3561 602 3616 strenuus.

239 3663 258 3714 2
312 3659 417 3720 Multa
445 3659 616 3720 multorum
646 3660 848 3721 Claudiorum
877 3659 1004 3738 egregia
1030 3661 1152 3735 merito,
1181 3658 1282 3719 multa

272 3763 368 3826 etiam
388 3765 488 3827 setius
509 3764 648 3827 admissa
669 3765 703 3825 in
724 3784 790 3825 rem
809 3765 969 3846 publicam
988 3771 1122 3828 exstant.
1167 3764 1228 3824 Sed
1245 3769 1281 3822 ut

769 3879 784 3931 1
