3106 4378
302 270 365 334 136
403 283 433 334 e.
457 283 612 346 suarem
632 283 861 346 rsauourmr
879 285 930 336 nn
950 285 1042 351 vrrs¹
1063 287 1264 339 cansarum

300 455 507 534 Proserpinae
528 461 655 534 raptus3
680 463 825 518 votorum
846 459 1089 537 nuncupatione,
1112 479 1225 538 magna
1244 461 1308 522 iam

300 560 446 620 ordinum
469 561 658 639 frequentia,
678 562 733 621 vix
751 569 893 640 repertae
911 563 1047 642 Capitoli
1066 565 1179 626 claves.
1229 567 1308 627 Cum

264 741 265 744 Ἴ
300 665 496 726 exoratione
516 667 592 742 eius,
611 685 674 744 qua
692 667 727 726 in
743 668 909 728 Vindicem
931 670 1104 747 perorabat,
1122 670 1307 732 recitaretur

299 769 334 829 in
361 777 481 847 senatu,
510 773 639 832 daturos
668 791 784 850 poenas
812 773 979 835 sceleratos
1004 793 1039 834 ac
1063 775 1152 836 brevi
1175 777 1307 854 dignum

268 896 283 941 s
300 877 419 936 exitum
435 877 584 954 facturos,
596 877 825 938 conclamatum
835 884 884 940 est
894 879 934 940 ab
944 881 1117 941 universis:
1144 884 1190 941 Pu
1197 885 1305 958 factes,

299 982 456 1060 Auguste!
490 983 699 1044 Observatum
713 984 809 1043 etiam
820 985 934 1060 iuerat,
946 985 1150 1046 novissimam
1164 987 1307 1047 fabulam

299 1092 443 1147 cantasse
466 1107 537 1148 eum
560 1087 685 1166 publice
706 1087 899 1166 Oedipodem
918 1089 1058 1150 exsulem
1077 1096 1172 1168 atque
1194 1091 1228 1150 in
1247 1092 1307 1152 hoc

298 1191 417 1253 desisse
432 1211 541 1253 versu:
668 1173 671 1182 Ι

478 1304 577 1360 Θανεῖν
589 1297 619 1376 μ’
633 1303 721 1380 ἄνωγε
735 1305 888 1381 σύγγαμος,
902 1301 1006 1381 μήτηρ,
1021 1303 1121 1381 πατήρ.

254 1419 283 1464 10
338 1403 495 1464 Nuntiata
519 1403 647 1463 interim
672 1404 767 1464 etiam
788 1411 962 1465 ceterorum
987 1407 1182 1466 exercituum
1206 1409 1356 1468 deleo-4¹1

298 1506 392 1584 tione,
407 1507 531 1568 litteras
546 1508 715 1586 prandenti
729 1508 790 1569 sibi
805 1509 946 1571 redditas
965 1511 1149 1590 concerpsit,
1164 1531 1305 1573 mensam

525 1614 689 1689 subvertit,
701 1614 779 1675 duos
794 1615 929 1694 scyphos
940 1616 1112 1693 gratissimi
1127 1637 1214 1694 usus,
1225 1638 1304 1696 quos

525 1718 694 1779 Homerios
729 1739 749 1779 a
775 1720 934 1781 caelatura
967 1722 1140 1782 carminum
1172 1723 1304 1784 Homeri

525 1825 666 1900 vocabat,
689 1824 756 1885 solo
779 1825 891 1902 inlisit,
917 1845 953 1886 ac
978 1833 1104 1905 sumpto
1128 1847 1147 1888 a
1169 1829 1306 1889 Locusta

208 1939 212 1954 ’
253 1949 281 1993 15
298 1947 418 1988 veneno
429 1935 461 1989 et
476 1929 510 1988 in
524 1948 651 1990 auream
670 1930 821 2008 pyxidem
840 1931 976 2006 condite,
996 1932 1125 1992 transiit
1144 1932 1178 1992 in
1196 1933 1303 1994 hortos

299 2034 499 2111 Servilianos,
515 2034 577 2110 ubi,
593 2033 776 2112 praemissis
796 2035 981 2096 libertorum
999 2036 1164 2098 fidissimis
1182 2038 1304 2099 Ostiam

297 2140 338 2199 ad
352 2139 484 2209 classem
504 2140 761 2218 praeparandam,
777 2140 921 2201 tribunos
941 2142 1200 2221 centurionesque
1219 2163 1304 2222 prae

296 2244 371 2304 terii
385 2246 424 2305 de
439 2246 532 2322 fugae
552 2245 702 2306 societate
718 2245 896 2324 temptavit.
940 2247 1001 2308 Sed
1022 2249 1137 2325 partim
1158 2249 1305 2326 tergiver-

297 2350 448 2426 santibus,
473 2350 589 2428 partim
613 2355 721 2429 aperte
746 2351 1002 2429 detrectantibus,
1024 2372 1087 2412 uno
1111 2373 1185 2414 vero
1209 2355 1304 2416 etiam

251 2477 281 2522 so
297 2455 525 2534 proclamante:
568 2458 667 2532 Usque
701 2460 814 2516 adeone
841 2462 921 2517 mori
947 2463 1090 2519 miserum
1117 2463 1185 2520 est?
1217 2462 1304 2521 varie

296 2562 439 2638 agitavit,
451 2562 627 2622 Parthosne
641 2581 682 2621 an
693 2561 826 2622 Galbam
839 2551 973 2641 supplex
987 2569 1117 2642 peteret,
1129 2585 1170 2625 an
1183 2571 1303 2626 atratus
1412 2563 1415 2568 ’

297 2667 436 2745 prodiret
447 2667 480 2725 in
494 2666 655 2744 publicum
670 2686 788 2745 proque
798 2669 909 2730 rostris
921 2675 1040 2746 quanta
1050 2670 1188 2731 maxima
1197 2677 1304 2749 posset

297 2772 497 2834 miseratione
512 2772 636 2832 veniam
651 2772 889 2851 praeteritorum
905 2780 1093 2852 precaretur,
1106 2794 1141 2835 ae
1155 2775 1190 2835 ni
1203 2775 1305 2838 flexis

224 2922 227 2929 -
297 2884 346 2938 set
359 2879 490 2953 animos,
506 2877 558 2938 vel
572 2878 713 2957 Aegypti
729 2879 961 2956 praefecturam
973 2881 1102 2941 concedi
1117 2881 1178 2942 sibi
1192 2887 1302 2944 oraret.

252 2985 451 3050 251nventus
480 2989 529 3044 est
557 2990 667 3062 postea
693 2984 728 3043 in
756 2984 872 3044 scrinio
900 2985 968 3046 eius
993 2985 1053 3046 hac
1080 2987 1120 3046 de
1143 3006 1178 3047 re
1202 3007 1304 3048 sermo

297 3091 468 3166 formatus3
506 3089 561 3150 sed
589 3090 775 3150 deterritum
806 3095 930 3168 putant,
958 3110 998 3152 ne
1026 3090 1114 3170 prius
1142 3110 1236 3169 quam
1271 3092 1305 3152 in

297 3195 402 3254 forum
423 3196 602 3273 perveniret
623 3195 860 3274 discerperetur.
1092 3179 1096 3186 ⁵

339 3299 391 3360 Sic
413 3300 602 3378 cogitatione
625 3302 659 3361 in
681 3308 841 3379 posterum
865 3302 950 3363 diem
972 3302 1081 3378 dilata,
1104 3304 1153 3364 ad·
1169 3303 1304 3363 mediam

298 3407 365 3466 fere
389 3414 512 3468 noctem
541 3408 705 3484 excitatus,
730 3414 766 3468 ut
791 3408 942 3486 comperit
970 3408 1138 3469 stationem
1166 3407 1304 3468 militum

253 3533 282 3579 so
298 3514 472 3589 recessisse,
496 3513 643 3592 prosiluit
668 3533 684 3574 e
709 3494 790 3574 lecto
814 3513 964 3591 misitque
986 3514 1102 3573 circum
1124 3514 1250 3590 amieos,
1272 3519 1305 3574 et

299 3621 374 3699 quia
397 3619 480 3678 nihil
505 3638 524 3679 a
545 3637 701 3696 quoquam
726 3619 973 3693 renuntiabatur,
1002 3619 1070 3697 ipse
1098 3638 1170 3679 eum
1197 3619 1304 3698 paucis

287 3724 440 3805 ¹hospitia
459 3723 655 3800 singulorum
674 3723 762 3783 adiit.
805 3725 924 3784 Verum
942 3722 1059 3784 clausis
1078 3725 1218 3784 omnium
1232 3723 1306 3783 fori-

297 1696 386 1744 llcro’s
397 1696 482 1758 abjcct

297 1773 403 1820 conduct
