3106 4378
287 254 328 318 70
362 265 392 317 c.
416 263 572 316 sunrour
594 264 824 326 namuurum
846 265 896 314 nn
920 265 1012 316 vrrs
1034 265 1237 317 cansarum

284 436 394 514 tioudi,
409 436 514 515 ipsum
536 437 596 497 sibi
617 456 729 498 manus
750 436 898 500 intulisse
919 437 1031 498 nuntio
1047 438 1149 499 malae
1168 457 1291 517 pugnae

284 544 493 621 perterritum.

324 649 451 709 Vestitu
465 648 663 726 calciatuque
674 655 707 709 et
720 655 823 709 cetero
834 649 947 708 habitu
960 667 1061 726 neque
1072 649 1175 728 patrio
1188 669 1290 728 neque
1304 659 1343 710 52

308 814 312 824 ,
510 753 607 829 civili,
619 772 655 814 ac
669 772 709 813 ne
720 753 807 813 virili
818 753 994 831 quidemac
1009 754 1145 832 denique
1154 754 1291 817 humano

253 864 267 908 ὅ
283 813 330 860 ³¹⁸
340 813 443 872 mm}
511 877 634 936 semper
647 878 724 920 usus
738 864 795 918 est.
839 859 939 937 Saepe
953 859 1094 937 depictas
1108 867 1291 937 gemmatas

284 982 345 1039 que
359 963 489 1030 indutus
508 964 669 1042 paenulae,
684 964 882 1024 manuleatus
897 970 930 1023 et
947 964 1123 1026 armillatus
1140 965 1174 1024 in
1191 965 1291 1044 publi·

284 1085 354 1126 cum
365 1069 533 1146 processit3
549 1069 720 1157 aliquando
729 1069 880 1130 sericatus
890 1075 923 1129 et
932 1069 1132 1148 cycladatus3
1148 1090 1184 1131 ac
1198 1072 1290 1131 modo

283 1173 317 1230 in
331 1173 466 1250 crepidis
477 1174 527 1234 vel
543 1175 715 1249 cothurnis,
726 1175 820 1235 modo
833 1174 867 1233 in
878 1174 1087 1252 speculatoria
1098 1175 1207 1252 caliga,
1217 1195 1290 1236 non·

283 1297 453 1355 numquam
476 1298 564 1339 socco
581 1279 744 1358 muliebri3
774 1279 957 1358 plerumque
975 1299 1051 1341 ‘vero
1072 1299 1167 1341 aurea
1184 1281 1288 1358 barba,

239 1394 268 1439 10
283 1383 406 1443 fulmen
422 1389 533 1446 tenens
553 1391 608 1445 aut
632 1385 790 1446 fuscinam
808 1391 863 1446 aut
885 1385 1057 1445 caduceum
1079 1385 1225 1465 [deorum
1246 1387 1291 1446 in-

284 1489 402 1571 signia]
425 1495 520 1566 atque
540 1491 636 1550 etiam
655 1490 786 1551 Veneris
810 1489 899 1550 cultu
920 1497 1106 1569 conspectus
1124 1497 1180 1552 est.
1224 1493 1290 1551 Tri·

283 1594 463 1672 umphalem
492 1596 620 1672 quidem
650 1601 795 1655 ornatum
828 1595 925 1656 etiam
955 1589 1029 1655 ante
1057 1597 1290 1674 expeditionem

283 1699 409 1759 assidue
424 1701 569 1776 gestavit,
582 1701 743 1761 'interdum
758 1707 791 1761 et
809 1700 920 1777 Magni
938 1700 1113 1762 Alexandri
1130 1702 1290 1763 thoracem

283 1805 452 1883 repetitum
467 1823 484 1865 e
499 1806 675 1866 conditorio
690 1805 766 1867 eius.
1300 1801 1302 1806 ’

239 1922 268 1968 15
320 1911 373 1969 Ex
388 1910 566 1988 disciplinis
581 1910 764 1972 liberalibus
776 1910 943 1970 minimum
954 1911 1135 1988 eruditioni,
1147 1913 1291 1990 eloqucn·
1304 1921 1342 1970 53

283 2015 347 2075 tiae
358 2015 527 2093 plurimum
537 2017 682 2106 attendit,
693 2016 896 2094 quantumvis
908 2017 1063 2078 facundus
1073 2023 1105 2078 et
1115 2023 1289 2096 promptus,

513 2121 622 2199 utique
632 2121 660 2182 si
670 2122 878 2199 perorandum
888 2121 922 2181 in
931 2122 1068 2200 aliquem
1080 2129 1170 2184 esset.
1204 2123 1290 2183 Iratc

513 2233 545 2286 et
564 2228 659 2287 verba
676 2232 707 2287 et
725 2227 898 2287 sententiae
921 2227 1139 2306 suppetebant,
1157 2247 1291 2306 pronun-

513 2332 605 2393 tiatio
628 2351 751 2410 quoque
776 2339 808 2393 et
825 2352 896 2408 vox,
915 2338 952 2391 ut
974 2351 1075 2410 neque
1098 2333 1207 2393 codem
1229 2333 1291 2394 loci

238 2448 268 2494 20
284 2456 358 2515 prae
372 2438 481 2498 ardore
499 2438 684 2498 consisteret
699 2442 731 2496 et
746 2437 947 2500 exaudiretur
961 2457 980 2497 a
994 2437 1104 2515 procul
1122 2439 1289 2500 stantibus.

283 2544 498 2619 Peroraturus,
514 2547 688 2603 stricturum
709 2562 740 2601 sc
761 2545 978 2603 lucubrationis
996 2563 1069 2602 suae
1086 2547 1176 2604 telum
1195 2543 1292 2604 mina

283 2648 393 2724 batur3
426 2648 528 2708 lenius
557 2647 777 2726 comptiusque
806 2647 963 2708 scribendi
993 2667 1090 2724 genus
1118 2649 1195 2709 adeo
1223 2669 1292 2711 con·

284 2760 436 2829 temnens,
446 2759 483 2813 ut
495 2753 643 2814 Senecam
654 2759 723 2812 tum
735 2752 871 2834 maxime
881 2752 1055 2831 placentem
1069 2758 1293 2815 commissiones

284 2878 382 2919 merus
409 2877 603 2936 componere,
632 2863 663 2918 et
694 2861 842 2918 buranam
871 2877 931 2918 esse
963 2862 1027 2918 stne
1055 2862 1133 2919 calce
1163 2859 1290 2921 diceret.

239 2978 268 3022 25
285 2963 413 3025 Solebat
437 2963 532 3024 etiam
557 2949 714 3042 prosperis
739 2968 897 3023 oratorum
922 2963 1098 3024 actionibus
1123 2964 1292 3025 rescribere

285 3076 317 3128 et
338 3085 521 3144 magnorum
544 3069 578 3128 in
604 3074 715 3129 senatu
742 3084 864 3128 reorum
893 3069 1110 3129 accusationes
1138 3069 1293 3130 defensio

284 3192 402 3250 nesque
424 3174 571 3234 meditari
594 3193 638 3247 ac,
662 3179 756 3252 prout
785 3173 878 3234 stilus
906 3179 1050 3249 cesserat,
1079 3173 1130 3234 vel
1164 3193 1293 3235 onerare

287 3279 444 3339 sententia
469 3298 526 3340 sua
551 3299 705 3357 quemque
730 3278 781 3339 vel
806 3278 979 3355 sublevare,
1005 3279 1145 3356 equestri
1170 3298 1294 3358 quoque

285 3384 394 3443 ordine
409 3385 449 3444 ad
463 3385 654 3447 audiendum
669 3385 806 3444 invitato
819 3403 875 3462 per
890 3384 1000 3444 edicta.

241 3503 271 3548 30
328 3489 389 3550 Sed
410 3496 442 3550 et
466 3489 598 3550 aliorum
620 3509 769 3567 generum
790 3496 872 3550 artes
895 3489 1126 3551 studiosissime
1143 3496 1176 3550 et
1195 3489 1295 3551 diver·
1308 3500 1347 3552 54

287 3594 428 3656 sissimas
451 3581 605 3655 exercuit.¹
643 3595 767 3654 Thraex
786 3599 818 3654 et
837 3593 956 3669 auriga,
977 3594 1061 3654 idem
1075 3600 1185 3681 cantor
1199 3600 1295 3673 atque

288 3699 427 3777 saltator,
439 3700 603 3762 battuebat
617 3698 815 3778 pugnatoriis
830 3697 936 3775 armis,
951 3699 1116 3776 aurigabat
1135 3705 1295 3768 exstructo

283 2205 406 2253 Devcfion
415 2208 443 2253 to

283 2282 385 2341 oratcry
