3078 4380
529 314 641 364 nmnn
664 315 717 366 111.
768 315 950 367 rmnurus.
1203 303 1244 366 33
1291 335 1293 340 ν

239 492 437 566 sequeretur3
460 492 532 566 post
549 487 638 548 cuius
655 487 819 548 interitum
836 488 887 548 rel
905 487 1109 549 saevissimus
1127 487 1243 547 extitit.

238 594 305 664 Quo
319 592 455 652 maxime
469 592 625 670 apparuit,
637 595 780 652 nontam
794 593 899 670 ipsum
913 593 952 652 ab
968 593 1079 653 Seiano
1094 593 1246 652 concitari

239 698 376 772 solitum,
406 715 500 774 quam
529 697 677 757 Seianum
699 697 864 775 quaerenti
887 698 1064 758 occasiones
1085 687 1247 757 summini-

240 809 372 879 strasse3
395 801 457 862 etsi
477 803 708 878 commentario,
724 822 818 880 quem
839 803 878 862 de
899 802 968 862 rita
987 822 1044 863 sua
1066 804 1246 863 summatim

240 908 437 985 breviterque
462 908 646 986 composuit,
673 927 767 968 ausus
795 913 844 968 est
872 908 1015 983 scribere,
1042 909 1192 968 Seianum
1217 927 1278 972 aco

235 1019 369 1090 punisse,
385 1017 464 1089 quod
478 1017 667 1090 comperisset
674 1017 781 1089 furere
791 1017 936 1073 adversus
949 1015 1058 1086 liberos
1072 1015 1248 1074 Germanici

236 1122 302 1196 filii
328 1123 396 1178 sut:
428 1138 561 1195 quorum
590 1118 657 1196 ipse
685 1118 821 1177 alterum
846 1124 993 1196 suspecto
1018 1118 1090 1194 iam,
1112 1119 1248 1178 alterum

241 1219 389 1302 oppresso
410 1225 536 1284 demum
558 1223 671 1284 Seiano
691 1222 859 1283 interemit.

283 1328 475 1405 Singillatim
498 1329 667 1388 crudeliter
687 1329 774 1388 facta
794 1329 860 1389 eius
882 1329 1011 1406 exsequi
1032 1329 1160 1407 longum
1182 1336 1248 1406 est;

241 1454 364 1513 genera,
387 1436 475 1496 velut
494 1435 688 1513 exemplaria
711 1435 870 1510 saevitiae,
894 1443 1075 1495 enumerare
1101 1443 1150 1497 sat
1178 1437 1247 1496 erit.
1266 1451 1295 1495 10

241 1540 359 1601 Nullus
380 1560 400 1601 a
415 1560 521 1619 poena
542 1540 706 1599 hominum
726 1541 863 1601 cessarit
883 1539 960 1616 dies,
980 1559 1020 1600 ne

241 1646 406 1722 religiosus
428 1647 556 1723 quidem
576 1665 612 1706 ac
637 1665 738 1722 sacer3
767 1646 1020 1706 animadversum
1047 1634 1191 1683 mimi

241 1751 276 1810 in
300 1752 450 1829 quosdam
474 1751 603 1811 ineunte
624 1769 707 1810 anno
729 1769 819 1811 novo.
869 1751 1020 1811 Accusati
1048 1711 1235 1832 {mmm

241 1856 445 1933 damnatique
464 1856 557 1916 multi
576 1875 647 1916 cum
667 1855 791 1916 libertis
808 1862 903 1934 atque
925 1857 1021 1916 etiam

241 1961 349 2022 liberis
371 1962 445 2022 suis.
488 1954 697 2020 Interdictum
715 1980 755 2020 ne
772 1961 875 2038 capite
894 1962 1059 2022 damnatos
1080 1963 1295 2041 propinquius

242 2066 393 2142 lugerent.
434 2067 569 2141 Decreta
582 2066 814 2126 accusatoribus
829 2065 998 2144 praecipua
1013 2068 1161 2145 praemia,
1177 2087 1251 2129 non·
1319 2077 1322 2086 '

241 2190 413 2249 numquam
427 2177 459 2231 at
473 2172 615 2232 testibus.
660 2171 790 2232 Nemini
805 2171 980 2231 delatorum
996 2169 1074 2232 fides
1091 2173 1248 2250 abrogata.

242 2276 341 2336 Omne
369 2277 487 2336 crimen
514 2296 571 2355 pro
599 2275 728 2354 capitali
756 2282 925 2354 receptum,
955 2276 1051 2336 etiam
1080 2297 1248 2355 paucorum

242 2381 495 2459 simpliciumque
516 2381 690 2442 verborum.
733 2381 899 2450 Obiectum
918 2387 967 2441 est
982 2389 1101 2459 poetae,
1118 2383 1201 2460 quod
1215 2383 1250 2441 in

239 2486 401 2563 tragoedia
428 2487 695 2563 Agamemnonem
719 2485 841 2564 probris
867 2486 1062 2563 lacessisset3
1094 2488 1250 2548 obiectum
1265 2501 1295 2546 ao

241 2596 272 2649 et
286 2591 445 2668 historico,
461 2592 545 2668 quod
565 2593 699 2651 Brutum
721 2591 927 2668 Cassiumque
948 2591 1078 2652 ultimos
1096 2593 1250 2653 Romano

240 2715 309 2755 rum
324 2696 472 2772 dixisset3
496 2696 749 2756 animadversum
771 2696 879 2756 statim
900 2695 934 2755 in
957 2703 1098 2758 auctores
1122 2697 1250 2776 scripta-

240 2819 300 2878 que
329 2801 455 2877 abolita,
484 2801 628 2878 quamvis
657 2801 865 2879 probarentur
893 2806 967 2862 ante
993 2802 1115 2879 aliquot
1140 2821 1248 2879 annos,

240 2907 335 2966 otiam
350 2907 495 2982 Augusto
515 2907 672 2981 audiente,
692 2906 833 2966 recitata.
877 2907 1069 2978 Quibusdam
1087 2909 1249 2969 custodias

239 3012 366 3072 traditis
378 3031 440 3092 uon
451 3012 544 3072 modo
558 3011 707 3071 studendi
718 3011 870 3072 solacium
882 3012 1073 3090 ademptum,
1086 3013 1246 3074 sedetiam
1264 3033 1293 3078 25

240 3117 391 3178 sermonis
411 3123 442 3177 et
462 3117 612 3195 colloquii
633 3136 718 3176 usus.
762 3117 861 3176 Citati
877 3118 918 3177 ad
937 3136 1060 3178 causam
1083 3118 1248 3179 dicendam

239 3223 355 3301 partim
379 3242 411 3284 se
432 3223 516 3283 domi
539 3223 784 3283 vulneraverunt
805 3223 883 3283 certi
913 3223 1124 3292 damnationis
1150 3230 1183 3284 ot
1207 3226 1248 3285 ad

238 3329 436 3389 vexationem
458 3328 727 3406 ignominiamque
751 3328 924 3404 vitandam,
948 3329 1064 3408 partim
1088 3329 1125 3413 inq
1144 3330 1248 3390 media

239 3434 325 3495 curia
338 3454 491 3495 venenum
510 3435 697 3511 hauserunt3
720 3441 872 3495 ettamen
891 3435 1047 3511 colligatis
1063 3434 1246 3495 vulneribus

239 3558 274 3600 ac
297 3541 494 3602 semianimes
516 3540 771 3618 palpitantesque
793 3540 895 3600 adhuc
918 3540 957 3599 in·
974 3560 1128 3602 carcerem
1152 3542 1244 3618 rapti.
1262 3555 1291 3600 ao

238 3646 341 3706 Nemo
367 3645 550 3725 punitorum
578 3664 641 3704 non
669 3645 704 3703 in
733 3645 902 3705 Gemonias
934 3645 1074 3706 abiectus
1104 3665 1246 3724 uncoque

238 3755 366 3828 tractim,
382 3750 497 3826 viginti
518 3768 580 3809 uno
601 3749 653 3809 die
673 3749 788 3810 abiecti
809 3749 973 3828 tractique,
988 3750 1072 3810 inter
1088 3769 1141 3811 cos
1156 3751 1246 3812 femi-
