3106 4378
498 305 610 356 rmus
633 307 667 358 v.
718 305 830 357 mvus
854 305 1048 358 ennomus.
1239 293 1280 360 87

273 479 414 537 iuvenem
438 478 544 556 probri
566 479 704 556 plenum,
720 479 777 539 sed
798 497 889 556 quem
913 485 1002 558 pater
1023 479 1279 557 probatissimum

273 584 333 642 sibi
348 583 531 659 affirmabat,
544 583 611 643 sine
628 583 801 660 ignominia
817 584 949 660 dimisit,
964 587 1072 644 tabere
1089 585 1196 644 dicens
1218 605 1280 645 cerr·

271 708 369 748 eorem
383 708 491 762 saam;
512 688 610 748 alium
627 688 813 766 corruptelis
828 688 1055 766 adulteriisque

270 795 431 854 famosum
448 792 530 852 nihil
546 792 682 871 amplius
697 812 792 871 quam
807 793 939 868 monuit,
954 803 1056 854 11001

271 903 398 975 parcius
412 901 562 959 aetatulae
577 901 742 976 iadalqeret
759 907 813 959 aul
827 908 901 958 certe
916 903 1053 974 cautium·
1075 899 1277 979 addiditque:
1294 917 1310 963 o

275 1005 375 1079 Quare
402 1008 482 1066 caira
510 1003 562 1081 eqo
589 1008 659 1079 ecio,
686 1024 779 1080 quara
803 1008 933 1064 amicam
958 1006 1090 1065 habeas?
1131 1006 1173 1065 Et
1198 1024 1277 1081 curn,

271 1109 434 1170 orantibus
467 1108 687 1185 familiaribus,
722 1109 912 1187 dempsisset
943 1109 1068 1170 cuidam
1101 1111 1278 1189 appositam

270 1220 387 1291 notam,
405 1216 518 1275 Litora
536 1224 646 1289 tamea,
667 1214 781 1291 inquit,
796 1217 906 1274 0101011
948 1214 1152 1293 Splendidam
1176 1216 1278 1284 virum

272 1321 484 1398 Graeciaeque
498 1319 678 1399 provinciae
689 1319 874 1397 principem,
887 1338 996 1379 verum
1008 1321 1114 1380 Latini
1128 1320 1279 1381 sermonis

271 1426 425 1502 ignarum,
440 1445 502 1485 non
518 1426 609 1485 modo
624 1424 696 1485 albo
710 1424 851 1484 iudicum
866 1425 971 1500 erasit,
988 1426 1043 1485 sed
1063 1426 1096 1484 in
1111 1426 1280 1503 peregrini-
1296 1443 1324 1488 10

270 1536 368 1591 tatem
388 1531 517 1607 redegit.
560 1531 627 1589 Nec
648 1548 836 1607 quemquam
855 1530 918 1590 nisi
939 1548 996 1590 sua
1010 1548 1095 1606 voce,
1110 1537 1279 1608 utcumque

271 1637 343 1713 quis
365 1641 480 1714 posset,
502 1654 538 1695 10
561 1635 629 1695 sine
652 1640 786 1713 patrono
809 1635 962 1694 rationem
985 1635 1070 1696 ritae
1096 1654 1208 1714 passus
1230 1642 1279 1696 est

213 1749 215 1752 ’
271 1740 407 1801 reddere.
449 1740 645 1818 Notavitque
665 1739 792 1815 multos,
807 1745 840 1799 et
860 1740 1010 1818 quosdam
1032 1741 1227 1820 inopinantis
1247 1747 1279 1801 et

271 1864 310 1904 ex
331 1863 427 1906 causa
447 1847 521 1905 novi
543 1846 675 1921 generis,
690 1845 776 1922 quod
798 1864 831 1904 se
850 1845 950 1904 inscio
969 1863 1005 1905 10
1021 1845 1089 1905 sine
1104 1852 1279 1906 commeatu

272 1950 368 2011 Italia
388 1950 612 2026 excessissent,
635 1951 792 2027 quendam
812 1968 889 2010 vero
911 1955 943 2009 et
963 1951 1048 2027 quod
1071 1969 1173 2011 comes
1195 1952 1279 2028 regis
1295 1969 1324 2014 15

272 2055 306 2114 in
326 2055 489 2133 provincia
510 2055 634 2130 fuisset,
657 2055 807 2130 referens,
827 2055 980 2114 maiorum
1003 2057 1198 2133 temporibus
1220 2057 1280 2116 Ra

272 2161 352 2220 birio
366 2162 525 2236 Postumo,
537 2160 753 2220 Ptolemaeum
764 2158 990 2220 Alexandriam
1004 2161 1117 2221 crediti
1133 2162 1279 2222 servandi

272 2284 366 2326 causa
392 2271 508 2341 secuto,
533 2265 652 2325 crimen
680 2265 856 2326 maiestatis
885 2266 968 2344 apud
997 2265 1116 2326 iudices
1148 2272 1277 2326 motum.

271 2371 383 2431 Plures
404 2376 513 2431 notare
534 2376 674 2446 conatus,
694 2389 809 2446 magna
832 2370 1053 2449 inquisitorum
1080 2372 1280 2448 neglegentia

273 2476 328 2536 sed
349 2495 405 2536 suo
426 2476 542 2536 maiore
563 2475 723 2550 dedecore,
739 2475 884 2536 innoxios
903 2475 970 2535 fere
990 2477 1138 2555 repperit,
1154 2477 1279 2554 quibus·
1295 2495 1324 2541 ao

272 2600 405 2658 cumque
423 2580 611 2641 caelibatum
626 2586 681 2640 aut
694 2580 862 2640 orbitatem
878 2585 933 2640 aut
947 2586 1116 2657 egestatem
1133 2583 1277 2658 obiceret,

272 2686 410 2762 maritos,
435 2692 551 2764 patrea,
576 2685 742 2764 opulentos
768 2705 801 2746 se
827 2685 1050 2763 probantibus3
1080 2705 1116 2746 00
1141 2687 1278 2764 quidem,

273 2792 328 2868 qui
355 2792 482 2852 sibimet
509 2792 575 2850 vim
607 2792 693 2851 ferro
725 2789 873 2850 intulisse
908 2791 1105 2868 arguebatur,
1134 2791 1278 2851 illaesum

272 2916 385 2975 corpus
398 2903 486 2958 veste
501 2897 645 2975 deposita
658 2901 846 2957 ostentante.
890 2897 1032 2956 Fuerunt
1047 2902 1079 2957 et
1093 2897 1150 2957 illa
1163 2897 1197 2956 in
1212 2916 1280 2958 0011-

273 3022 346 3064 sura
364 3004 431 3063 eius
451 3003 612 3079 notabilia,
625 3004 709 3080 quod
729 3003 872 3063 essedum
888 3007 1081 3078 argenteum,
1097 3009 1278 3080 sumptuose
1294 3023 1324 3069 25
1407 3013 1411 3021 '

273 3108 459 3170 fabricatum
489 3127 524 3169 ac
548 3108 659 3169 venale
688 3109 728 3168 ad
757 3107 925 3184 Sigillaria,
955 3107 1067 3166 redimi
1096 3101 1279 3187 concidique

174 3216 176 3220 ’
273 3233 376 3274 coram
397 3214 581 3294 imperavit3
605 3214 749 3293 quodque
762 3232 827 3273 11110
842 3213 892 3272 die
908 3213 971 3272 XX
988 3212 1092 3273 edicta
1106 3215 1278 3292 proposuit,

273 3319 356 3379 inter
373 3338 453 3397 quae
471 3320 542 3394 duo,
552 3338 691 3396 quorum
710 3319 810 3378 altero
828 3318 1025 3394 admonebat,
1042 3323 1078 3377 ut
1092 3318 1182 3378 uberi
1195 3319 1279 3379 vine

274 3443 362 3484 arum
376 3431 532 3503 proventu
545 3424 623 3485 bene
638 3424 723 3484 dolia
737 3423 935 3501 picareutur;
958 3422 1067 3499 altero,
1083 3423 1165 3483 nihil
1180 3442 1279 3502 aeque

160 3526 165 3534 ’
273 3529 376 3589 facere
391 3530 431 3589 ad
445 3530 571 3608 viperae
586 3528 724 3589 morsum
738 3547 834 3604 quam
847 3528 916 3587 taxi
931 3527 1050 3589 arboris
1066 3547 1182 3589 sucum.
1295 3545 1323 3590 10

223 3633 259 3685 17
313 3634 556 3713 Expeditionem
566 3653 663 3694 unam
673 3633 800 3692 omnino
811 3632 959 3710 suscepit,
971 3651 1101 3711 eamque
1113 3634 1277 3694 modicam.

274 3738 362 3814 Cum,
386 3739 520 3799 decretis
546 3737 606 3799 sibi
631 3756 650 3798 a
674 3742 787 3798 senatu
810 3737 1003 3798 ornamentis
1024 3737 1277 3816 triumphalibus,

1081 753 1231 813 eoncorshlp
