3078 4380
478 291 480 295 ”
555 311 667 362 arnna
689 311 741 361 111.
795 311 975 362 rmnarus.
1250 301 1270 363 3

264 501 303 544 ne
320 482 433 561 capitis
452 483 579 560 quidem
597 483 763 560 quisquam
783 503 854 543 reus
872 483 957 560 apud
975 483 1127 560 populum
1148 489 1270 543 mutare

264 594 384 649 vestem
398 593 453 648 aut
467 588 627 665 deprecari
643 588 841 664 sustinuerit,
859 587 1004 647 nonnulli
1019 588 1052 646 in
1067 587 1270 648 altercatione

264 701 296 755 et
316 693 419 769 iurgio
439 692 582 753 tribunos
607 692 693 770 plebi
717 693 921 771 pulsaverint.
963 693 1070 754 Etiam
1091 694 1179 769 virgo
1195 694 1271 754 Ves-

263 799 338 860 talis
353 799 493 874 fratrem,
506 799 629 858 iniussu
643 798 753 876 populi
764 799 1022 876 triumphantem,
1035 818 1163 860 ascenso
1175 799 1269 860 simul

265 925 365 980 curru,
381 924 479 982 usque
501 904 533 963 in
555 903 749 982 Capitolium
771 910 936 982 prosecuta
957 910 1014 981 est,
1032 924 1072 964 ne
1088 911 1195 965 vetare
1215 911 1270 965 aut
1286 922 1301 967 5

263 1012 456 1071 intercedere
470 1011 521 1070 fas
536 1009 683 1087 cuiquam
697 1010 895 1069 tribunorum
909 1016 1000 1070 esset.

233 1125 250 1174 3
304 1118 354 1175 Ex
368 1116 426 1176 hac
444 1115 543 1193 stirpe
561 1115 704 1175 Tiberius
724 1117 837 1176 Caesar
857 1134 954 1191 genus
971 1116 1080 1190 trahit,
1095 1121 1127 1175 et
1142 1116 1270 1194 quidem

264 1228 449 1299 utrumque:
478 1226 645 1299 paternum
674 1239 692 1280 a
716 1220 842 1280 Tiberio
866 1222 1000 1296 Nerone,
1026 1227 1203 1281 maternum
1231 1222 1271 1282 ab

264 1326 369 1405 Appio
394 1325 540 1400 Pulchro,
564 1325 619 1403 qui
644 1325 735 1385 ambo
756 1325 843 1402 Appi
868 1326 960 1386 Caeci
983 1325 1043 1384 filii

264 1432 402 1491 fuerunt
445 1433 588 1491 Insertus
603 1435 652 1490 est
668 1436 699 1491 et
713 1429 876 1501 Liviorum
891 1429 1042 1506 familiae,
1069 1409 1208 1532 ῧὶϊξῗ
1218 1409 1246 1458 ⁰¹
1287 1446 1316 1491 10

265 1537 435 1615 adoptato
428 1557 460 1595 rn
476 1556 544 1596 eam
558 1542 701 1595 materno
711 1554 777 1595 avo
814 1517 898 1605 Quae
910 1534 1042 1610 familia,

266 1661 456 1721 quamquam
473 1640 606 1719 plebeia,
622 1646 728 1700 tamen
747 1641 865 1718 etipsa
882 1641 1051 1699 admodum
1068 1641 1183 1716 floruit,
1201 1648 1272 1702 octo

215 1761 223 1774 ‘
266 1747 490 1822 consulatibus,
505 1745 645 1806 censuris
659 1746 790 1820 duabus,
805 1745 977 1822 triumphis
991 1746 1103 1822 tribus,
1115 1747 1272 1808 dictatura

266 1853 363 1913 etiarn
384 1872 419 1912 ac
441 1851 623 1927 magisterio
644 1851 786 1929 equitum
807 1851 976 1926 honorata3
999 1851 1084 1912 clara
1098 1857 1129 1912 et
1144 1852 1273 1929 insigni-

265 1959 325 2018 bus
346 1958 434 2032 viriS,
460 1977 495 2018 ac
519 1957 656 2016 maxime
679 1956 854 2016 Salinatore
881 1955 1065 2042 Drusisque.
1115 1958 1272 2018 Salinator
1289 1973 1318 2019 15

266 2064 428 2123 universas
459 2063 561 2122 tribus
590 2063 624 2120 in
651 2080 783 2121 censura
813 2061 936 2121 notavit
964 2061 1106 2122 levitatis
1135 2063 1271 2138 nomine,

267 2170 359 2247 quod,
382 2187 452 2228 cum
477 2187 510 2228 se
534 2173 607 2245 post
630 2168 766 2244 priorem
791 2167 987 2234 consulatum
1012 2167 1114 2228 multa
1136 2169 1274 2244 irrogata

267 2275 534 2348 condemnassent,
573 2273 730 2332 consulem
769 2271 885 2330 iterum
924 2291 1145 2350 censoremque
1183 2273 1274 2334 fecis-

268 2385 346 2440 sent.
399 2377 530 2454 Drusus,
553 2378 693 2438 hostium
722 2378 798 2437 duce
826 2378 950 2436 Drauso
977 2378 1151 2438 comminus
1181 2378 1275 2439 truci-

269 2487 351 2561 dato,
371 2484 432 2544 sibi
452 2484 649 2562 posterisque
671 2483 737 2543 suis
753 2501 928 2558 cognomen
950 2483 1081 2543 invenit.
1124 2484 1275 2544 Traditur
1290 2496 1320 2541 20

269 2571 364 2651 etiam
381 2609 437 2668 pro
453 2594 596 2667 praetore
614 2607 653 2647 ex
670 2587 832 2665 provincia
849 2587 956 2648 Gallia
973 2588 1136 2648 rettulisse
1154 2608 1273 2665 aurum,

270 2695 445 2771 Senonibus
473 2695 549 2753 olim
577 2693 611 2753 in
636 2693 798 2754 obsidione
826 2693 975 2770 Capitolii
1003 2695 1120 2770 datum,
1143 2713 1210 2769 nec,
1239 2701 1275 2754 ut

270 2802 355 2862 fama
365 2806 423 2876 est,
439 2805 597 2860 extortum
611 2818 630 2859 a
644 2797 785 2859 Camillo.
822 2798 900 2857 Eius
915 2799 1061 2876 abnepos,
1072 2800 1112 2858 ob
1126 2800 1275 2860 eximiam

270 2908 419 2966 adversus
431 2905 589 2966 Gracchos
604 2923 728 2982 operam
744 2908 894 2981 patronus
906 2909 1033 2964 senatus
1049 2903 1161 2979 dictus,
1173 2904 1275 2964 filium

270 3011 408 3089 reliquit,
424 2997 519 3088 quem
536 3011 569 3069 in
591 3009 689 3070 simili
710 3008 905 3068 dissensione
926 3008 1028 3069 multa
1045 3009 1131 3076 varie
1147 3009 1275 3070 molien-
1291 3025 1321 3071 aa

270 3124 335 3177 tem
350 3117 475 3176 diversa
488 3115 586 3174 factio
601 3133 656 3192 per
670 3114 815 3173 fraudem
829 3114 999 3173 interemit.

239 3236 257 3284 4
311 3224 406 3282 Pater
429 3220 544 3295 Tiberi,
568 3224 715 3297 quaestor
736 3219 768 3279 C.
793 3218 935 3279 Caesaris
955 3219 1172 3281 Alexandrino
1193 3222 1277 3283 bello

272 3327 365 3388 classi
376 3325 584 3404 praepositus,
594 3325 763 3402 plurimum
775 3325 815 3383 ad
823 3324 988 3384 victoriam
1000 3325 1143 3386 contulit.
1176 3327 1278 3398 Quare

273 3439 304 3492 et
318 3433 463 3510 pontifex
475 3429 508 3491 in
523 3431 625 3490 locum
639 3421 674 3489 P.
688 3429 845 3507 Scipionis
858 3430 1049 3491 substitutus
1100 3499 1105 3510 ¹

274 3544 305 3598 et
327 3540 367 3598 ad
391 3537 589 3598 deducendas
614 3536 646 3595 in
676 3535 815 3596 Galliam
843 3535 991 3612 colonias,
1016 3536 1047 3596 in
1075 3499 1219 3548 flrsfatner

274 3643 344 3721 quis
357 3644 466 3704 Narbo
480 3649 513 3703 et
526 3641 655 3702 Arelate
669 3646 766 3716 erant,
783 3641 897 3701 missus
911 3647 968 3701 est.
1011 3643 1131 3702 Tamen
1146 3644 1279 3705 Caesare

275 3749 383 3828 occiso,
407 3747 529 3812 cunctis
551 3747 715 3809 turbarum
737 3751 824 3810 metu
851 3745 1054 3810 abolitionem
1077 3748 1156 3812 facti
1178 3749 1280 3812 decer·
