3106 4378
310 274 374 339 120
412 288 442 340 c.
466 288 623 340 suarem
642 288 871 351 ranneumnr
891 291 941 340 uu
960 291 1051 341 vrrs
1071 289 1275 344 caussatur

308 479 435 522 versum
456 461 489 521 id
507 461 590 521 iuter
608 462 837 522 exsultationes
858 453 1179 541 succlamationesque
1199 463 1315 543 populi.

309 567 470 627 Victorem
491 572 597 626 autem
620 585 653 626 se
674 567 742 644 ipse
764 567 1006 645 pronuntiabat;
1027 588 1090 645 qua
1111 570 1150 629 de
1171 588 1265 630 causa
1284 575 1317 630 et

310 670 476 751 praeconio
508 672 625 749 ubique
668 673 839 732 contendit.
897 673 944 732 Ac
977 693 1015 732 ne
1060 674 1149 734 ouius
1178 648 1317 735 ’alterius

310 777 542 838 hieronicarum
567 777 717 836 memoria
742 784 797 837 aut
817 778 987 854 vestigium
1011 783 1150 838 exstaret
1173 799 1316 856 usquam,

278 883 450 948 asubverti
471 888 504 942 et
524 901 605 942 unco
625 882 710 942 trahi
730 883 873 960 abicique
893 882 927 942 in
946 883 1080 943 latrinas
1099 884 1238 944 omnium
1258 889 1318 945 sta-

309 994 381 1049 tuas
409 993 441 1048 et
468 987 623 1064 imagines
654 987 830 1065 imperavit.
874 988 1043 1064 Aurigavit
1072 1008 1195 1066 quoque
1222 989 1318 1067 pluri·

309 1094 434 1169 fariam,
460 1092 618 1172 Olympiis
644 1111 718 1152 vero
746 1093 844 1152 etiam
867 1094 1089 1170 decemiugem,
1116 1094 1259 1171 quamvis
1283 1095 1318 1154 id

309 1200 413 1277 ipsum
436 1199 468 1257 in
494 1217 565 1274 rege
594 1197 790 1258 Mithradate
812 1199 948 1259 carmine
976 1200 1112 1275 quodam
1137 1218 1193 1275 suo
1218 1217 1317 1277 repre

309 1304 490 1378 hendisset;
512 1304 568 1362 sed
588 1322 737 1363 excussus
760 1322 852 1362 curru
874 1322 1036 1364 aurursus
1058 1305 1224 1382 repositus,
1247 1325 1316 1364 cum

265 1427 294 1470 10
309 1409 478 1487 perdurare
497 1427 561 1467 non
582 1414 697 1486 posset,
713 1408 838 1468 destitit
862 1414 935 1468 ante
957 1409 1139 1486 decursum,
1160 1429 1260 1487 neque
1280 1429 1318 1470 eo

311 1515 409 1574 setius
431 1519 597 1572 coronatus
619 1518 675 1573 est.
719 1512 881 1572 Decedens
902 1513 1015 1573 deinde
1036 1515 1230 1591 provinciam
1252 1516 1318 1574 uni-

310 1637 432 1678 versam
456 1617 603 1677 libertate
625 1617 765 1693 donavit,
786 1607 944 1695 ‘simulque
966 1617 1086 1678 iudices
1107 1618 1237 1688 civitate
1258 1620 1319 1679 Ro

310 1743 402 1784 mana
417 1729 449 1782 et
463 1723 597 1800 pecunia
614 1722 734 1798 grandi.
777 1722 863 1792 Quae
881 1721 1033 1782 beneficia
1051 1741 1067 1782 e
1089 1724 1193 1783 medio
1214 1724 1319 1784 stadio

310 1827 517 1889 Isthmiorum
531 1828 583 1887 die
598 1846 655 1887 sua
668 1827 736 1904 ipse
751 1846 825 1886 voce
839 1828 1065 1904 pronuntiavit.

266 1949 293 1992 15
350 1935 508 1993 Reversus
533 1952 550 1992 e
579 1931 712 1992 Graecia
738 1931 915 2009 Neapolim,
944 1932 1028 2009 quod
1056 1933 1090 1992 in
1117 1951 1154 1993 ea
1180 1934 1317 2011 primurn
1331 1942 1369 1993 25

310 2046 409 2099 artem
425 2037 608 2116 protulerat,
622 2037 704 2097 albis
719 2037 809 2113 equis
824 2037 959 2112 introiit,
974 2038 1106 2098 disiecta
1120 2045 1208 2116 parte
1226 2041 1316 2112 muri,

310 2187 356 2234 m,
367 2187 442 2244 sntry
452 2197 483 2232 u
536 2148 572 2200 ut
593 2159 660 2202 mos
680 2141 908 2201 hieronicarum
928 2148 993 2218 est3
1023 2143 1121 2202 simili
1142 2143 1233 2203 modo
1255 2144 1318 2203 An-

310 2271 443 2320 eonqueror
456 2260 510 2306 nto
536 2247 626 2322 tium,
649 2247 722 2306 inde
743 2247 912 2321 Albanum,
935 2247 1009 2307 inde
1029 2249 1179 2323 Romam;
1209 2248 1265 2308 sed
1285 2254 1318 2307 et

310 2335 412 2382 '⁸⁶⁰⁰'
423 2334 497 2381 Μ’
537 2352 670 2411 Romam
685 2371 721 2411 eo
738 2371 918 2429 curruque
935 2352 1099 2429 Augustus
1114 2352 1190 2412 olim
1211 2353 1318 2412 trium-

266 2479 294 2522 ao
310 2459 471 2536 phaverat,
501 2463 533 2516 et
561 2457 595 2514 in
624 2456 744 2537 [veste]
776 2476 935 2535 purpurea
969 2457 1179 2535 distinctaque
1214 2457 1316 2519 stellis

311 2563 414 2624 aureis
428 2561 605 2640 chlamyde,
622 2581 827 2638 coronamque
842 2563 945 2641 capite
961 2581 1071 2639 gerens
1090 2563 1316 2641 Olympiacam,

311 2670 423 2729 dextra
440 2687 535 2728 rnanu
552 2667 712 2745 Pythiam,
731 2673 901 2744 praeeunte
919 2687 1033 2746 pompa
1053 2674 1225 2728 ceterarum
1246 2688 1317 2728 oum

310 2774 424 2849 titulis,
453 2773 508 2833 ubi
538 2778 571 2832 et
601 2791 680 2849 quos
712 2791 773 2849 quo
801 2773 982 2832 cantionum
1010 2792 1111 2850 quove
1139 2773 1316 2834 fabularum

311 2885 494 2955 argumento
515 2877 661 2953 vicisset3
691 2878 893 2955 sequentibus
918 2897 1043 2937 currum
1068 2879 1229 2939 ovantium
1253 2879 1317 2939 ritu

169 3021 171 3027 ·
266 3007 295 3052 25
311 2984 517 3063 plausoribus,
546 2982 761 3058 Augustianos
790 2982 970 3060 militesque
1001 3003 1035 3043 se
1064 2983 1219 3062 triumphi
1249 2983 1317 3045 eius

311 3088 555 3150 clamitantibus.
599 3087 729 3163 Dehinc,
756 3088 860 3147 diruto
885 3088 968 3148 Circi
997 3089 1130 3148 Maximi
1155 3107 1237 3165 arcu,
1262 3109 1317 3167 per

311 3194 482 3256 Velabrum
503 3195 669 3271 forumque
688 3193 847 3254 Palatium
869 3200 901 3254 et
921 3195 1104 3272 Apollinem
1125 3195 1214 3272 petit.
1267 3195 1318 3253 In·

311 3300 435 3360 cedenti
449 3299 568 3377 passim
582 3299 729 3358 victimae
744 3318 851 3360 caesae
867 3318 975 3377 sparso
988 3319 1044 3379 per
1058 3300 1127 3360 vias
1144 3299 1316 3360 identidem

311 3424 409 3481 croco,
431 3405 635 3482 ingestaeque
656 3423 730 3464 aves
751 3424 787 3464 ae
808 3405 951 3466 lemnisci
972 3411 1004 3466 et
1025 3404 1164 3466 bellaria.
1207 3406 1317 3466 Sacrae

266 3530 295 3576 30
311 3529 440 3572 coronas
462 3511 495 3569 in
518 3509 669 3571 cubiculis
693 3510 811 3570 circum
834 3510 931 3570 lectos
956 3511 1071 3589 posuit,
1094 3510 1170 3571 item
1196 3516 1317 3572 statuas

311 3635 383 3678 suas
403 3616 615 3676 citharoedico
632 3615 742 3674 habitu
762 3615 839 3693 (qua
856 3621 932 3676 nota
951 3616 1056 3676 etiam.
1069 3635 1231 3675 nummum
1251 3636 1318 3694 per-

310 3721 433 3804 cussit).
476 3721 524 3780 Ae
538 3721 700 3799 posthaec
720 3724 845 3780 tantum
862 3720 945 3780 afuit
964 3739 983 3780 a
1003 3720 1192 3781 remittendo
1214 3720 1318 3782 laxan-
