3106 4378
294 291 358 357 102
397 307 425 356 c.
449 305 607 357 suarour
625 305 854 367 rnauoumm
875 306 924 356 nn
944 307 1034 357 vrrs
1054 305 1257 358 cansarum

292 497 412 553 narum,
428 479 510 538 unde
526 478 639 538 solitus
654 483 737 539 esset
750 478 861 538 vinum
875 478 951 538 olim
971 484 1003 538 et
1016 479 1086 557 ipse
1100 485 1214 557 petere.
1253 485 1302 545 Dc

292 590 479 662 quaesturae
498 585 636 662 quodam
648 584 818 644 candidato
837 584 921 644 inter
941 603 1050 645 causas
1066 585 1301 661 suffragationis

293 710 367 751 suae
381 689 497 768 posuit,
508 693 588 766 quod
601 698 692 765 pater
706 693 771 750 eius
783 693 936 767 fripidom
954 709 1043 767 capro
1059 693 1118 749 sc’br'
1133 701 1302 771 tempestive

292 800 428 857 dedisset.
481 795 617 856 Inducta
641 800 723 855 teste
746 795 781 854 in
804 801 924 870 senatu,
954 797 1041 856 Haec
1067 797 1173 877 inquit
1194 809 1302 864 matris

246 879 275 968 *¹5
292 923 376 964 meae
396 905 502 962 liberta
519 910 546 961 et
565 904 704 961 croatia
716 903 790 976 suit,
812 903 863 959 sed
880 920 926 959 me
943 910 1110 976 patronum
1127 925 1243 983 semper
1256 929 1302 968 ea

291 1013 457 1084 istimcoit,
479 1011 533 1068 tce
551 1011 619 1068 ideo
633 1011 707 1082 dia-i,
723 1010 802 1082 qaod
820 1010 945 1082 quidam
965 1019 1035 1068 scat
1054 1013 1152 1071 adhuc
1166 1017 1300 1074 iadorae

291 1136 367 1190 raca,
382 1120 435 1192 quc·
454 1137 500 1176 mc
515 1125 683 1192 patronam
703 1134 764 1172 noa
780 1122 899 1188 potant.
945 1114 1008 1175 Sed
1023 1122 1055 1176 ct
1068 1135 1125 1194 pro
1139 1118 1300 1195 tribunali,

292 1222 492 1282 Ostiensibus
503 1220 654 1300 quiddam
669 1219 793 1298 publice
804 1220 976 1295 orantibus,
988 1240 1058 1280 cum
1072 1224 1317 1316 ericanduissat,n
1403 1255 1411 1274 ·

291 1329 369 1386 nihil
389 1330 496 1386 tubere
517 1347 548 1386 se
568 1326 760 1386 vociferatus
783 1331 840 1399 est,
856 1345 950 1400 quare
974 1345 1023 1385 eos
1045 1330 1251 1404 demereatur,·
1273 1334 1302 1388 εἰ

247 1445 378 1517 mquam
399 1435 503 1508 oliam,
520 1441 547 1492 et
567 1452 598 1492 se
618 1434 746 1491 liberam
768 1451 836 1490 esse.
880 1432 965 1490 Nam
986 1431 1044 1491 illa
1060 1433 1127 1493 eius
1143 1433 1302 1495 cotidiana

292 1543 323 1598 et
344 1537 437 1616 plane
456 1538 596 1597 omnium
615 1537 761 1596 horarum
782 1543 814 1596 et
835 1543 1061 1596 momentorum
1080 1545 1184 1598 erant:
1211 1540 1299 1617 Quid,

257 1643 265 1662 ⁴
292 1663 343 1721 epo
357 1647 413 1703 tibi
431 1646 605 1720 Teleqent'us
619 1645 723 1702 videor
738 1645 751 1701 9
771 1647 804 1702 et
818 1647 915 1716 Λάλει,
929 1645 974 1702 καὶ
989 1646 1028 1720 μὴ
1045 1644 1175 1724 Oly-,avet
1190 1645 1301 1706 multa-

292 1768 353 1826 que
367 1749 445 1809 talia
459 1748 554 1808 etiam
572 1748 706 1826 privatis
722 1747 884 1823 deformia,
901 1748 1017 1806 nedum
1038 1749 1183 1827 principi,
1199 1769 1300 1828 neque

292 1853 463 1914 infacundo
477 1872 578 1931 neque
593 1853 729 1928 indocto,
747 1853 843 1912 immo
858 1852 954 1912 etiam
974 1855 1176 1930 pertinaciter
1192 1856 1301 1916 libera

248 1975 276 2020 15
292 1959 375 2019 libus
391 1959 505 2020 studiis
520 1959 636 2018 dedito

333 2065 510 2124 Historiam
530 2064 564 2122 in
583 2063 805 2137 adulescentia,
824 2063 971 2123 hortante
990 2064 1025 2123 Τ.
1042 2064 1143 2139 Livio,
1161 2065 1300 2143 Sulpicio
1314 2078 1346 2128 41

517 2188 591 2228 vero
605 2169 704 2228 Flavo
720 2169 815 2228 etiam
833 2168 1010 2244 adiuvante,
1029 2169 1163 2231 scribere
1179 2172 1300 2247 adgres

518 2294 571 2334 sus
593 2279 650 2334 est.
697 2275 741 2334 Et
765 2293 836 2333 cnm
862 2273 998 2351 primum
1030 2275 1191 2352 frequenti
1215 2277 1300 2337 audi-

518 2379 599 2452 torio
611 2379 829 2455 commisisset,
839 2398 930 2455 aegre
943 2379 1084 2457 perlegit,
1096 2381 1299 2458 refrigeratus

246 2498 276 2543 20
293 2502 385 2561 saepe
400 2503 419 2543 a
433 2490 533 2544 semet
546 2485 623 2562 ipsc.
666 2485 751 2543 Nam
770 2503 839 2543 cum
855 2484 949 2544 initio
964 2477 1168 2562 recitationis,
1185 2487 1301 2548 defrac-

292 2589 335 2648 tis
363 2588 576 2666 compluribus
602 2589 748 2649 subscllis
775 2589 927 2650 obesitate
954 2590 1125 2667 cuiusdam,
1146 2591 1228 2653 risus
1251 2612 1301 2652 ex-

292 2700 380 2754 ortus
397 2700 489 2769 esset,
508 2695 551 2754 ne‘
568 2695 676 2754 sedato
695 2694 822 2772 quidem
842 2695 982 2755 tumultu
996 2701 1172 2773 temperare
1186 2699 1299 2776 potuit,
1319 2773 1321 2778 ,

292 2799 370 2877 quin
391 2819 430 2859 ex
450 2799 619 2859 intervallo
640 2800 773 2860 subinde
796 2800 877 2860 facti
901 2801 1153 2862 reminisceretur
1180 2804 1301 2863 cachin-

292 2925 411 2983 nosque
442 2912 609 2965 revooarct.
667 2907 704 2964 In
739 2906 919 2984 principatu
952 2926 1075 2984 qnoque
1109 2915 1142 2968 et
1174 2908 1301 2987 scripsit

246 3011 464 3089 utplurimum
492 3017 525 3070 et
552 3010 677 3071 assidue
705 3011 850 3071 recitavit
879 3031 934 3088 per
963 3012 1121 3072 lectorem.
1167 3014 1301 3074 Initium

293 3121 399 3176 autem
416 3117 553 3194 sumpsit
569 3115 720 3176 historiae
735 3122 806 3194 post
820 3117 947 3176 caedem
965 3119 1107 3178 Caesaris
1127 3119 1299 3194 dictatoris,

294 3222 346 3282 sed
375 3228 406 3282 et
430 3221 559 3282 transiit
582 3222 622 3280 ad
647 3221 798 3283 interiora
824 3227 967 3300 tempora
992 3224 1156 3302 coepitque
1182 3243 1201 3285 a
1225 3243 1301 3302 pace

294 3327 390 3403 civili,
419 3346 490 3387 cum
523 3327 656 3388 sentiret
683 3346 784 3404 neque
812 3327 910 3388 libere
937 3348 1038 3407 neque
1068 3348 1140 3389 vere
1172 3330 1233 3390 sibi
1263 3331 1301 3389 de

295 3433 507 3510 superioribus
541 3433 689 3493 tradendi
724 3438 913 3511 potestatem
950 3434 1102 3511 relictam,
1140 3441 1301 3514 correptus

249 3551 278 3596 30
296 3557 387 3616 saepe
417 3545 448 3598 et
478 3557 497 3598 a
525 3547 625 3598 matre
655 3543 687 3598 et
715 3539 754 3599 ab
778 3537 857 3598 avia.
911 3539 1030 3600 Prioris
1060 3541 1210 3602 materiae
1240 3542 1302 3602 duo

294 3643 465 3719 volumina,
500 3644 683 3721 posterioris
719 3664 816 3703 unum
850 3649 881 3703 et
916 3645 1126 3721 quadraginta
1162 3648 1300 3726 reliquit.
1333 3635 1335 3640 ⁵

295 3749 479 3828 Composuit
501 3755 534 3808 et
555 3750 603 3808 De
625 3753 689 3808 citu
711 3769 768 3808 aaa
791 3754 859 3808 octo
879 3748 1049 3827 volumina,
1072 3752 1174 3830 magis
1196 3753 1303 3832 inepte
1357 3735 1359 3738 V

320 2251 455 2298 Historical

320 2327 405 2372 works
