3078 4380
495 307 607 359 11111
631 307 679 360 1v.
731 309 760 360 o.
787 271 984 362 cumeum.
1204 299 1245 363 51

237 482 330 541 modo
344 481 379 541 in
392 480 577 541 recitatione
591 480 779 559 praeteritis.
823 483 870 542 Ut
887 481 986 541 levior
1003 481 1091 542 labor
1108 482 1247 544 iudican-

237 586 322 646 tibus
334 587 426 661 foret,
438 586 478 646 ad
489 591 639 662 quattuor
653 585 768 663 prioris
782 585 926 664 quintam
941 586 1100 647 decuriam
1112 587 1243 648 addidit.

237 691 420 769 Temptavit
434 696 466 749 et
480 691 676 750 comitiorum
694 709 780 750 more
797 696 942 750 revocato
961 691 1112 768 suffragia
1129 694 1245 771 populo

236 798 373 857 reddere.
415 797 535 871 Legata
545 814 584 854 ex
594 801 784 855 testamento
795 795 901 855 Tiberi
913 815 1102 874 quamquam
1117 797 1244 874 abolito,

237 903 292 963 sed
310 908 342 962 et
360 902 463 961 Iuliae
480 903 652 977 Augustae,
668 901 752 977 quod
769 901 915 961 Tiberius
933 908 1158 979 suppresserat,
1173 910 1275 963 cums

236 1007 299 1067 fide
310 1026 345 1067 ac
357 1007 425 1067 sine
437 1006 595 1066 calumnia
609 1012 843 1083 repraesentata
856 1006 1018 1084 persolvit.
1061 1008 1245 1068 Ducentesi-

237 1127 320 1172 mam
354 1111 533 1172 auctionum
566 1111 680 1171 Italiae
713 1111 853 1187 remisit;
889 1112 999 1172 11111111
1028 1111 1244 1172 incendiorum

236 1219 351 1278 damna
372 1216 548 1301 supplevit;
571 1235 606 1276 ac
626 1216 654 1276 si
673 1216 787 1293 quibus
807 1235 904 1293 regna
918 1217 1067 1292 restituit,
1083 1218 1198 1278 adiecit
1212 1225 1244 1278 et

236 1323 377 1382 fructum
391 1341 513 1382 omnem
527 1321 762 1397 uectigaliorum
777 1327 810 1381 11
820 1322 958 1381 reditum
972 1323 1069 1382 medii
1083 1324 1242 1401 temporis,

236 1433 272 1488 ut
292 1427 451 1487 Antiocho
473 1427 682 1503 Commageno
704 1427 881 1487 sestertium
905 1427 1009 1487 milies
1031 1428 1242 1488 confiscatum.
1261 1441 1289 1486 10

236 1534 365 1609 Quoque
380 1532 480 1608 magis
495 1532 615 1592 nullius
630 1551 693 1591 non
707 1531 782 1592 boni
800 1532 937 1610 exempli
953 1533 1060 1592 fautor
1074 1534 1242 1609 videretur,

236 1638 362 1704 mulieri
375 1637 541 1706 libertinae
557 1637 717 1713 octoginta
731 1637 869 1712 donavit,
885 1637 969 1714 quod
984 1637 1162 1698 excruciata
1179 1658 1244 1715 gra-

236 1742 375 1803 vissimis
390 1742 558 1802 tormentis
573 1743 611 1801 de
623 1742 739 1802 scelere
753 1742 879 1821 patroni
894 1743 1080 1803 reticuisset.
1106 1744 1189 1814 Quas
1204 1745 1244 1804 ob

236 1867 286 1908 res
307 1848 390 1907 inter
411 1847 547 1924 reliquos
568 1847 701 1908 honores
721 1848 863 1908 decretus
879 1847 971 1907 11111
986 1848 1106 1925 clipeus
1121 1866 1242 1924 aureus,

236 1971 330 2032 quem
351 1953 520 2030 quotannis
542 1959 628 2013 certo
649 1953 699 2013 die
724 1953 858 2030 collegia
880 1953 1074 2013 sacerdotum
1097 1954 1131 2012 iu
1155 1954 1244 2031 Capi·
1260 1962 1289 2009 11

236 2058 348 2119 tolium
367 2059 495 2133 ferrent,
519 2065 630 2117 senatu
652 2063 870 2136 prosequente,
893 2058 1111 2135 nobilibusque
1135 2059 1243 2137 pueris

236 2182 272 2223 ac
286 2162 402 2241 puellis
417 2163 553 2223 carmine
569 2162 729 2223 modulato
749 2163 858 2223 laudes
879 2163 1033 2222 virtutum
1053 2163 1121 2224 eius
1135 2183 1244 2224 canon-

235 2268 329 2329 tibus.
373 2270 541 2327 Decretum
565 2273 669 2327 autem
689 2273 724 2327 ut
744 2268 821 2343 dies,
837 2287 900 2345 quo
914 2268 1049 2345 cepisset
1065 2269 1242 2346 imperium,

236 2374 356 2434 Parilia
385 2378 559 2448 vocaretur,
590 2373 679 2433 velut
708 2378 926 2448 argumentum
959 2392 1066 2434 rursus
1099 2373 1243 2434 conditae

236 2479 331 2539 urbis.
1259 2491 1289 2535 11

185 2587 221 2639 17
277 2584 466 2644 Consulatus
490 2589 638 2660 quattuor
661 2583 767 2659 gessit,
789 2583 925 2661 primum
948 2602 986 2642 ex
1009 2584 1082 2643 Kal.
1104 2584 1165 2642 Iul.
1188 2603 1244 2661 per

236 2691 460 2764 (11111111111,
473 2689 642 2748 secundum
656 2708 695 2748 ex
711 2687 784 2748 Kal.
798 2689 865 2747 Ian.
878 2707 934 2765 per
944 2708 1009 2746 xxx
1023 2689 1101 2763 dies,
1113 2688 1243 2748 tertium

236 2794 378 2873 usquein
392 2794 471 2853 Idus
482 2795 560 2866 Ian,
571 2799 718 2871 quartum
733 2812 832 2870 usque
847 2792 1015 2870 septimum

236 2900 314 2960 Idus
329 2899 461 2960 easdem.
504 2899 554 2957 Ex
568 2899 714 2959 omnibus
728 2898 807 2958 duos
827 2897 1015 2958 novissimos
1042 2870 1196 3004 ffi'ml'
1267 2984 1270 2990 ,

235 3004 407 3064 coniunxit.
450 3004 593 3063 Tertium
617 3009 722 3063 autem
747 3003 918 3079 Luguduni
943 3003 1016 3063 iniit
1259 3017 1289 3062 25

236 3110 331 3185 solus,
351 3128 415 3169 non
434 3115 470 3168 ut
493 3109 621 3186 quidam
640 3110 808 3186 opinantur
830 3108 976 3186 superbia
994 3107 1243 3186 neglegentiave,

236 3215 291 3276 sed
319 3215 402 3292 quod
430 3215 615 3274 defunctum
644 3215 702 3274 sub
732 3214 947 3274 Kalendarum
965 3214 1064 3274 »diem
1092 3214 1243 3291 collegam

236 3319 367 3382 rescisse
392 3321 505 3381 absens
530 3340 593 3380 non
621 3325 774 3398 potuerat.
819 3320 1020 3395 Congiarium
1049 3319 1166 3398 populo
1194 3318 1242 3380 bis

235 3424 324 3486 dedit
344 3431 486 3486 trecenos
508 3426 679 3500 sestertios,
702 3425 820 3486 totiens
844 3425 1150 3486 abundantissimum
1172 3443 1243 3503 epu-

236 3531 302 3591 lum
324 3531 447 3592 senatui
469 3531 669 3609 equestrique
690 3530 803 3605 ordini,
825 3530 918 3590 etiarn
942 3529 1126 3606 coniugibus
1148 3550 1183 3590 11
1208 3531 1243 3589 11-
1259 3544 1288 3592 11

235 3633 320 3698 beris
333 3642 555 3713 utrorumque;
577 3636 748 3713 posteriore
759 3635 853 3712 epulo
862 3635 1002 3694 forensia
1016 3635 1145 3714 insuper
1153 3635 1240 3710 viris,

236 3742 365 3805 feminis
380 3759 416 3802 ac
430 3741 536 3823 pueris
547 3740 663 3804 fascias
678 3758 833 3822 purpurae
848 3758 884 3803 ac
895 3738 1054 3823 conchylii
1069 3739 1240 3802 distribuit.
