3078 4380
286 262 327 325 10
363 274 392 324 o.
419 274 576 325 sunrom
598 272 828 336 resnounm
851 274 900 322 nn
921 273 1012 323 vrrs
1035 271 1235 323 cansarum

285 445 370 505 enim
391 444 621 527 appellabatur)
645 444 825 504 relaturum.
869 445 936 514 Quo
958 442 1123 522 praecipue
1144 462 1206 502 non
1228 442 1290 502 iam

285 557 372 610 motu
394 550 449 610 sed
471 550 652 610 discrimine
673 555 797 610 coactus
819 555 876 624 est,
892 555 957 608 tam
979 549 1045 608 suis
1066 566 1160 625 quam
1181 547 1290 608 matris

285 655 528 734 impensissimis
563 654 706 732 precibus
740 654 876 714 reditum
911 653 1118 731 expostulare,
1148 652 1292 730 impetra

287 762 406 840 vitque,
434 759 560 820 adiutus
595 759 793 836 aliquantum
827 760 923 820 etiam
957 777 1040 818 casu.
1090 757 1290 818 Destinatum

254 881 269 926 t
286 868 429 943 Augusto
444 871 520 940 erat,
536 865 618 924 nihil
633 884 726 942 super
740 883 777 925 ea
799 865 909 925 renisi
931 884 970 924 ex
987 863 1150 923 voluntate
1165 863 1291 922 maioris

286 972 333 1030 fili
362 977 517 1046 statuere3
544 970 570 1030 is
599 971 681 1030 forte
705 974 782 1030 tunc
806 972 849 1029 M.
876 969 980 1029 Lollio
1003 968 1160 1043 offensior,
1186 968 1291 1028 facilis

286 1077 518 1154 exorabilisque
538 1075 572 1135 in
592 1075 742 1135 vitricum
766 1075 837 1135 fuit.
880 1075 1088 1134 Permittente
1113 1092 1186 1150 ergo
1211 1073 1291 1134 Gaio

285 1187 451 1242 revocatus
479 1186 537 1255 est,
561 1199 671 1240 verum
700 1182 759 1241 sub
782 1179 964 1240 condicione
987 1198 1027 1238 ne
1052 1197 1146 1255 quam
1170 1183 1290 1255 partem

286 1306 432 1348 curamve
453 1286 498 1346 rei
519 1284 663 1363 publicae
677 1285 855 1365 attingeret.

241 1403 269 1448 10
551 1390 661 1450 Rediit
679 1396 789 1450 octavo
807 1395 879 1467 post
898 1409 1054 1450 secessum
1071 1409 1162 1463 anno,
1177 1397 1342 1464 magnale

285 1473 420 1595 {auem
511 1514 568 1555 nec
579 1495 698 1555 incerta
709 1513 764 1572 spe
774 1495 963 1569 futurorum,
971 1513 1063 1571 quam
1074 1500 1106 1552 et
1114 1493 1247 1553 ostentis
1258 1499 1290 1552 et

511 1599 777 1678 praedictionibus
791 1601 831 1659 ab
845 1599 938 1660 initio
952 1599 1064 1659 aetatis
1078 1604 1267 1676 conceperat.

325 1706 506 1781 Praegnans
528 1705 613 1764 enim
637 1705 730 1766 Livia
750 1723 830 1778 cum,
853 1723 892 1764 an
914 1723 1031 1764 marem
1052 1703 1175 1763 editura
1198 1709 1288 1778 esset,

285 1810 376 1858 ΟΜ
386 1812 435 1857 and
510 1810 607 1870 variis
619 1816 760 1888 captaret
771 1809 937 1885 ominibus,
949 1829 1044 1869 ovum
1055 1808 1216 1868 incubanti
1228 1808 1290 1884 gal-

239 1934 268 1979 16
284 1883 471 2018 mimi-f
510 1914 594 1974 linae
623 1915 809 1975 subductum
838 1934 922 1974 nunc
950 1934 1006 1974 sua
1030 1932 1112 1973 nunc
1134 1914 1290 1973 ministra

285 2045 345 2080 ress
509 2039 579 2078 rum
607 2039 702 2080 manu
735 2019 902 2097 pervices
934 2038 1033 2097 usque
1064 2018 1155 2093 fovit,
1187 2019 1289 2096 quoad

284 2122 392 2203 pullus
414 2123 582 2200 insigniter
603 2124 752 2184 cristatus
773 2124 920 2184 exclusus
938 2130 994 2184 est.
1038 2124 1085 2183 Ac
1106 2125 1145 2183 de
1167 2124 1289 2183 infante

286 2229 465 2289 Scribonius
482 2228 722 2290 mathematicus
741 2230 901 2307 praeclara
920 2229 1098 2307 spopondit,
1114 2229 1210 2288 etiarn
1225 2247 1289 2304 reg·

284 2340 432 2394 naturum
454 2334 649 2411 quandoque,
665 2334 720 2394 sed
742 2334 810 2393 sine
830 2334 917 2410 regio
938 2335 1063 2410 insigni,
1080 2334 1188 2410 ignota
1209 2334 1290 2393 scili-

238 2456 268 2502 20
284 2445 334 2499 cet
347 2445 423 2499 tunc
438 2439 540 2498 adhuc
554 2439 723 2498 Caesarum
737 2444 902 2517 potestate.
944 2440 987 2498 Et
1000 2439 1142 2516 ingresso
1156 2438 1288 2516 primam

285 2544 516 2623 expeditionem
535 2563 570 2604 ac
591 2563 647 2622 per
668 2545 884 2604 Macedoniam
908 2545 1040 2604 ducente
1062 2545 1234 2603 exercitum
1255 2543 1289 2602 in

286 2649 419 2728 Syriam,
436 2649 551 2709 accidit
571 2655 608 2708 ut
629 2650 713 2726 apud
734 2648 901 2727 Philippos
926 2655 1065 2708 sacratae
1091 2649 1166 2728 olim
1187 2649 1290 2714 victri-

285 2755 369 2814 cium
390 2754 549 2830 legionum
571 2773 642 2814 arae
665 2761 775 2832 sponte
793 2754 906 2814 subitis
925 2754 1125 2814 conlucerent
1145 2754 1287 2830 ignibus3

285 2864 317 2919 et
338 2879 419 2934 mox,
443 2878 514 2918 cum
540 2859 704 2937 Illyricum
729 2864 839 2938 petens
864 2859 955 2919 iuxta
978 2859 1146 2920 Patavium
1170 2859 1289 2919 adisset

239 2985 268 3030 as
286 2965 442 3043 Geryonis
468 2963 637 3039 oraculum,
662 2970 743 3024 sorte
767 2969 962 3042 tractaque
985 2965 1170 3031 monebatur
1194 2971 1229 3024 ut
1250 2965 1289 3024 de

285 3068 570 3130 consultationibus
596 3069 629 3127 in
651 3069 758 3147 Aponi
780 3070 901 3129 iontem
924 3071 1006 3129 talos
1030 3088 1139 3128 aureos
1165 3070 1288 3146 iaceret,

285 3174 391 3235 evenit
415 3180 451 3233 ut
477 3193 633 3234 summum
661 3193 825 3233 numerum
849 3174 924 3234 iacti
950 3175 988 3235 ab
1013 3193 1049 3234 eo
1073 3175 1288 3250 ostenderent,

285 3279 440 3356 hodieque
463 3280 520 3340 sub
541 3299 625 3358 aqua
644 3281 791 3340 visuntur
812 3280 846 3339 hi
866 3280 932 3339 tali.
974 3281 1058 3340 Ante
1080 3299 1194 3358 paucos
1216 3299 1290 3340 vero

285 3404 380 3464 quam
408 3391 605 3446 revocaretur
633 3385 699 3446 dies
724 3384 840 3462 aquila,
865 3405 1035 3463 numquam
1064 3392 1157 3446 antea
1184 3385 1290 3445 Rhodi

239 3509 268 3555 ³0
285 3497 461 3571 conspecta,
490 3491 524 3550 in
554 3491 691 3551 culmine
724 3491 834 3550 domus
862 3491 930 3551 eius
958 3491 1093 3568 assedit3
1129 3497 1161 3552 et
1188 3491 1290 3569 pridie

285 3617 379 3678 quam
398 3599 436 3658 de
455 3597 560 3657 reditu
578 3597 692 3657 certior
709 3597 808 3672 fieret,
824 3597 1012 3657 vestimenta
1027 3597 1164 3658 mutanti
1183 3597 1292 3658 tunica

285 3705 394 3776 ardere
419 3703 488 3764 visa
516 3707 571 3762 est.
626 3701 829 3780 Thrasyllum
864 3720 987 3779 quoque
1023 3703 1289 3777 mathematicum,
