3078 4380
300 275 342 338 40
378 288 408 338 e.
434 287 589 338 sunroru
612 288 840 350 rsanonmm
863 289 913 339 nr.
933 290 1024 340 vrrs
1048 290 1252 342 cansarum

300 460 570 538 apprehendisset,
585 461 771 522 existimans
792 467 964 541 temptatas
979 463 1019 523 ab
1032 481 1070 524 eo
1082 482 1188 540 renas,
1211 483 1307 526 rema

299 584 373 625 nere
402 585 438 626 ac
466 567 645 626 recumbere
681 567 825 628 hortatus
854 573 912 643 est,
941 587 1111 647 cenamque
1139 571 1304 648 protraxit.

298 672 367 731 Nec
388 671 544 731 abstinuit
565 673 790 758 consuetudine
805 673 884 751 quin
897 678 973 734 tunc
992 693 1116 752 quoque
1134 675 1257 737 instans
1272 676 1306 736 in

300 776 402 836 medio
423 776 571 852 triclinio,
594 783 717 838 astante
739 777 859 855 lictore,
882 778 1023 855 singulos
1045 780 1150 840 valere
1171 781 1305 842 dicentis

268 899 283 942 o
299 881 482 959 appellaret.
525 883 660 942 Interim
674 902 745 943 cum
760 883 794 942 in
809 884 887 944 actis
903 890 1031 945 senatus
1045 885 1183 962 legisset,
1200 887 1307 947 dimis·
1320 896 1357 948 ta

300 1005 350 1046 sos
368 1005 404 1046 ac
420 1005 460 1045 ne
476 977 601 1070 auditos
621 989 749 1065 quidem
768 990 921 1066 quosdam
937 1009 1016 1064 reos,
1032 992 1070 1051 de
1088 992 1201 1069 quibus
1219 992 1306 1053 stric-
1399 999 1403 1004 '

299 1091 358 1150 tim
378 1097 409 1150 et
427 1091 511 1150 nihil
529 1091 617 1153 aliud
635 1111 730 1170 quam
749 1093 926 1154 nominatos
945 1095 984 1154 ab
1002 1095 1106 1156 indice
1127 1096 1304 1174 scripserat,

299 1215 356 1274 pro
370 1201 551 1274 contempto
566 1217 598 1258 se
613 1198 756 1258 habitum
771 1199 910 1260 fremens
925 1206 1066 1278 repetere
1082 1201 1218 1288 Capreas
1233 1221 1306 1280 quo

299 1320 361 1378 quo
382 1302 475 1361 modo
496 1302 679 1379 destinavit,
693 1323 757 1362 non
777 1309 895 1364 temere
917 1305 1084 1382 quicquam
1105 1306 1168 1390 nisi
1182 1325 1221 1366 ex
1235 1312 1305 1366 tute

254 1419 283 1464 ro
299 1425 441 1467 ausurus,
486 1407 548 1468 Sed
568 1409 810 1487 tempestatibus
832 1416 865 1470 et
885 1411 1122 1485 ingravescente
1142 1412 1176 1471 vi
1204 1412 1304 1472 morbi

525 1519 677 1590 retentus,
691 1513 786 1592 paulo
800 1520 872 1593 post
886 1515 965 1575 obiit
980 1515 1014 1573 in
1028 1516 1108 1575 villa
1121 1516 1303 1592 Lucullana,

524 1624 634 1678 octavo
655 1624 688 1679 et
710 1619 942 1698 septuagesimo
962 1620 1076 1680 aetatis
1098 1639 1188 1695 anno,
1210 1621 1305 1681 tertio

299 1729 330 1783 et
345 1723 495 1784 vicesimo
515 1723 649 1802 imperii,
670 1725 768 1785 XVII
782 1724 856 1785 Kal.
872 1725 951 1802 Apr.
966 1725 1021 1784 On.
1038 1725 1208 1786 Aoerronio
1229 1727 1306 1787 Pro-

246 1859 287 1890 κ
298 1829 377 1904 culo,
393 1830 426 1890 Ο.
442 1829 557 1888 Pontio
571 1829 708 1904 Nigrino
722 1849 821 1890 conss.

254 1945 281 1990 15
339 1934 421 2014 Sunt
430 1933 486 2012 qui
495 1939 617 2012 putent,
627 1953 782 1994 venenum
793 1937 823 1995 ei
835 1956 854 1996 a
864 1937 945 1997 Gaio
956 1938 1066 1998 datum
1077 1939 1198 1998 lentum
1210 1944 1304 2016 atque

298 2039 475 2116 tabificum3
488 2039 553 2114 alii,
564 2040 599 2098 in
609 2040 793 2100 remissione
804 2041 955 2115 fortuitae
965 2042 1064 2103 febris
1075 2043 1179 2104 cibum
1188 2044 1306 2104 deside-

297 2187 403 2235 Rumon
414 2186 441 2234 of
526 2145 610 2204 ranti
623 2151 785 2222 negatum3
800 2147 954 2222 nonnulli,
967 2148 1132 2224 pulvinum
1145 2148 1304 2226 iniectum,

297 2263 409 2310 violence
527 2270 599 2310 cum
620 2256 796 2310 extractum
818 2251 879 2312 sibi
901 2252 1059 2313 deficienti
1081 2254 1211 2314 anulum
1232 2274 1305 2315 mox

297 2336 421 2383 tonenim
526 2355 714 2434 resipiscens
730 2356 923 2434 requisisset.
968 2358 1085 2419 Seneca
1099 2378 1169 2418 eum
1186 2361 1304 2437 scribit,

252 2479 282 2523 no
298 2464 461 2524 intellecta
475 2462 661 2538 defectione,
677 2468 858 2540 exemptum
873 2462 1003 2522 anulum
1017 2464 1109 2541 quasi
1130 2464 1225 2525 alicui
1245 2471 1305 2526 tra

298 2569 438 2630 diturum
453 2588 621 2648 parumper
634 2568 784 2643 tenuisse,
796 2568 871 2627 dein
884 2588 993 2629 rursus
1008 2575 1133 2646 aptasse
1148 2571 1258 2648 digito,
1273 2579 1305 2632 et

298 2694 476 2753 compressa
490 2675 620 2736 sinistra
634 2694 730 2734 manu
744 2673 878 2734 iacuisse
892 2674 947 2734 diu
968 2675 1178 2753 immobilem3
1201 2677 1305 2737 subito

298 2781 418 2840 vocatis
439 2779 593 2840 ministris
615 2798 651 2839 ae
672 2779 796 2838 nemine
824 2780 1042 2857 respondente,
1064 2781 1305 2859 consurrexisse,

288 2903 356 2994 Ψ
369 2885 477 2962 procul
493 2885 641 2944 alectulo
658 2883 877 2945 deficientibus
893 2884 1014 2945 viribus
1029 2885 1209 2946 concidisse.

252 3001 282 3047 25
340 2990 491 3068 Supremo
505 2989 605 3050 natali
621 3009 677 3050 suo
691 2989 873 3068 Apollinem
890 2991 1087 3051 Temenitem
1108 2997 1141 3052 et
1161 2992 1307 3071 amplitu-
1320 3003 1359 3055 ⁷4

299 3097 383 3156 dinis
401 3101 432 3156 et
453 3095 531 3155 artis
551 3095 694 3171 eximiae,
713 3096 877 3156 advectum
901 3096 1065 3174 Syracusis
1086 3103 1123 3156 ut
1143 3096 1178 3156 in
1198 3097 1307 3158 biblio

528 3201 622 3261 theca
632 3202 744 3280 templi
754 3203 828 3262 novi
839 3210 1015 3281 poneretur,
1027 3203 1151 3264 viderat
1159 3223 1215 3283 per
1224 3205 1308 3282 quie-

298 3282 479 3416 ξὲῗζὲξὶζῂ
527 3314 592 3368 tem
611 3310 817 3371 affirmantem
840 3313 909 3388 sibi,
925 3332 987 3373 non
1010 3332 1100 3392 posse
1123 3332 1164 3374 se¹
1177 3313 1216 3373 ab
1237 3312 1307 3391 ipso

528 3415 674 3476 dedicari.
717 3418 760 3476 Et
776 3423 849 3477 ante
868 3437 983 3496 paucos
1001 3438 1095 3497 quam
1117 3419 1219 3480 obiret
1240 3419 1307 3480 dies

254 3518 394 3594 soturris
417 3521 516 3582 Phari
537 3530 638 3586 terrae
659 3532 747 3586 motu
769 3507 897 3604 Capreis
925 3527 1072 3588 concidit.
1115 3529 1163 3590 Ac
1190 3527 1308 3590 Miseni

298 3624 380 3687 cinis
396 3647 412 3688 e
427 3629 540 3690 favilla
558 3636 590 3691 et
611 3631 796 3692 carbonibus
818 3631 858 3691 ad
879 3631 1110 3694 calfaciendum
1132 3633 1308 3694 triclinium

298 3736 419 3814 inlatis,
443 3736 602 3796 extinctus
623 3735 686 3796 iam
715 3740 747 3795 et
774 3735 830 3796 diu
858 3735 1005 3814 frigidus,
1034 3738 1152 3799 exarsit
1180 3745 1309 3818 repente

298 1575 382 1622 Death
