3106 4378
599 301 711 350 arana
735 301 784 352 vr.
834 300 941 350 uaso,
1214 287 1277 353 107

272 493 397 540 suorum
418 473 591 534 virtutibus
613 474 707 548 Nero,
729 479 766 532 ut
786 479 893 533 tamen
914 473 994 532 vitia
1013 473 1164 550 cuiusque
1186 474 1277 550 quasi

238 588 256 638 2
270 579 389 640 tradita
403 584 435 638 et
449 579 590 655 ingenita
601 577 768 637 rettulerit.
806 581 853 639 Ut
865 577 962 654 igitur
977 577 1071 656 paulo
1083 577 1178 638 altius
1193 597 1278 656 repe-

269 690 345 760 tam,
360 691 471 744 atavus
492 684 558 743 eius
581 685 636 744 Cn.
653 683 813 743 Domitius
833 683 867 741 in
889 683 1051 743 tribunatu
1196 758 1201 768 ³

269 789 472 868 pontificibus
498 789 654 864 offensior,
677 789 761 866 quod
783 789 882 848 alium
903 807 997 865 quarn
1019 808 1051 848 se
1078 757 1267 892 {2353
1327 833 1336 858 .

270 895 304 953 in
318 895 417 973 patris
433 895 482 955 sui
499 894 602 954 locum
620 899 827 972 cooptassent,
844 893 892 954 ius
915 894 1053 954 sacerdo
1078 904 1202 953 ornero's
1294 913 1309 957 5

270 1007 338 1059 turn
356 1000 622 1077 subrogandorum
641 1018 660 1059 a
679 999 819 1074 collegiis
839 1000 879 1059 ad
901 999 1051 1077 populum
1076 982 1251 1101 ffigss‘m'

270 1105 443 1180 transtulit,
459 1110 492 1165 at
509 1105 544 1163 in
565 1104 729 1164 consulatu
751 1104 974 1181 Allobrogibus
996 1104 1052 1162 Ar-

270 1210 436 1287 vernisque
465 1210 630 1287 superatis,
658 1209 827 1287 elephanto
858 1229 913 1287 per
945 1207 1137 1286 provinciam
1168 1216 1276 1271 vectus

270 1321 328 1390 est,
342 1315 435 1375 turba
449 1315 585 1374 militum
603 1315 693 1392 quasi
713 1315 795 1374 inter
815 1314 981 1374 sollemnia
1001 1315 1153 1393 triumphi
1177 1335 1278 1393 prose-

270 1426 393 1496 quente.
436 1422 476 1478 In
490 1421 574 1479 huno
591 1420 675 1479 dixit
693 1420 836 1479 Licinius
854 1421 986 1480 Crassus
1006 1425 1118 1496 orator,
1133 1441 1194 1480 noa
1215 1441 1277 1480 esse
1294 1436 1323 1480 10

270 1529 456 1600 mirandam,
480 1529 560 1600 qaod
578 1544 704 1584 narcara
722 1527 848 1584 barbara
868 1527 997 1600 haberet,
1012 1529 1062 1583 cai
1082 1545 1115 1584 os
1130 1529 1275 1602 ferream,

271 1650 320 1690 cor
338 1633 514 1705 plrtmbearn
538 1639 619 1689 esset.
674 1629 780 1688 Huius
802 1628 888 1689 filius
910 1635 1035 1707 praetor
1057 1630 1089 1689 O.
1113 1631 1276 1690 Caesarem

270 1735 436 1794 abeuntem
464 1735 638 1810 consulatu,
664 1753 757 1811 quern
782 1734 933 1794 adversus
962 1735 1103 1812 auspicia
1131 1734 1278 1812 legesque

271 1839 404 1914 gessisse
427 1839 676 1914 existimabatur,
699 1840 739 1899 ad
763 1839 1019 1916 disquisitionem
1042 1847 1170 1900 senatus
1191 1861 1279 1901 voca-

270 1945 335 2020 vit3
372 1964 445 2004 mox
472 1944 582 2004 consul
610 1945 830 2022 imperatorem
859 1944 898 2003 ab
926 1945 1116 2005 exercitibus
1145 1946 1277 2006 Gallicis
1294 1964 1323 2008 15

270 2049 429 2109 retrahere
443 2049 620 2127 temptavit,
637 2067 858 2127 successorque
872 2049 902 2108 ei
921 2068 977 2126 per
993 2049 1164 2110 factionem
1181 2052 1278 2110 nomi-

270 2161 372 2230 natus,
401 2154 558 2233 principio
581 2154 685 2214 civilis
714 2154 790 2213 belli
819 2155 859 2214 ad
887 2154 1059 2214 Corfinium
1084 2161 1194 2234 captus
1219 2161 1275 2216 est.

272 2260 365 2320 Unde
380 2259 530 2319 dimissus
545 2259 755 2320 Massiliensis
770 2259 932 2319 obsidione
949 2259 1121 2322 laborantis
1138 2280 1210 2321 cum
1227 2263 1279 2322 ad·
1326 2309 1327 2312 η

264 2370 367 2424 ¹uentu
382 2384 438 2425 suo
452 2365 677 2440 confirmasset,
693 2370 821 2442 repente
836 2365 991 2439 destituit,
1007 2366 1134 2444 acieque
1153 2368 1277 2428 demum

270 2469 454 2529 Pharsalica
467 2470 630 2546 occubuit3
653 2471 703 2529 vir
717 2489 818 2547 neque
835 2469 913 2530 satis
932 2475 1080 2530 constans
1098 2478 1130 2531 et
1151 2471 1277 2549 ingenio
1293 2487 1323 2532 ao
1351 2493 1352 2496 ¹

269 2575 360 2650 truci,
372 2576 406 2634 in
417 2575 633 2652 desperatione
648 2595 753 2634 rerum
767 2581 901 2635 mortem
915 2575 1028 2634 timore
1043 2577 1217 2654 appetitam
1231 2576 1278 2637 ita

270 2679 407 2758 expavit,
423 2686 459 2740 ut
478 2681 625 2740 haustum
642 2700 798 2740 venenum
815 2681 1010 2758 paenitentia
1027 2683 1200 2742 evomuerit
1217 2702 1278 2742 me-

270 2785 436 2862 dicumque
448 2786 675 2861 manumiserit,
687 2786 771 2862 quod
783 2785 844 2845 sibi
855 2786 993 2863 prudens
1005 2805 1040 2845 ac
1056 2787 1157 2847 sciens
1173 2787 1277 2848 minus

269 2891 399 2948 noxium
421 2896 635 2967 temperasset.
686 2891 893 2951 Consultante
916 2896 1021 2950 autem
1046 2891 1100 2951 Cn.
1127 2893 1277 2970 Pompeio

270 2995 309 3054 de
325 2995 439 3054 mediis
458 3014 493 3054 ac
511 3001 653 3055 neutram
676 3002 798 3074 partem
820 2995 1134 3071 sequentibus,'solus
1155 2998 1322 3061 censuitne

271 3099 409 3159 hostiurn
424 3119 553 3160 numero
568 3100 736 3161 habendos.

240 3215 257 3264 3
310 3204 454 3283 Reliquit
468 3204 571 3265 filium
587 3206 730 3266 omnibus
746 3205 849 3283 gentis
865 3224 939 3266 suae
954 3206 1063 3283 procul
1078 3207 1173 3267 dubio
1191 3228 1279 3286 prae-

271 3310 444 3370 ferendum.
506 3312 540 3371 Is
565 3311 648 3370 inter
671 3311 811 3370 conscios
835 3311 1040 3371 Caesarianae
1063 3313 1150 3372 necis
1172 3331 1279 3390 quam-

271 3433 364 3491 quam
387 3415 494 3476 insons
517 3417 684 3476 damnatus
704 3417 772 3491 lege
791 3416 900 3491 Pedia,
919 3435 989 3475 cum
1012 3417 1052 3476 ad

271 3519 415 3580 Cassium
430 3522 626 3598 Brutumque
639 3540 671 3581 se
682 3521 861 3599 propinqua
872 3521 933 3581 sibi
944 3540 1053 3598 cogna-
1078 3499 1263 3633 ffllssasstffit'

272 3623 357 3683 tione
376 3625 499 3685 iunctos
521 3626 714 3700 contulisset,
729 3631 801 3702 post
823 3626 987 3703 utriusque
1009 3627 1054 3685 in-

271 3729 401 3788 teritum
426 3729 558 3790 classem
581 3731 657 3790 olim
679 3730 877 3791 commissam
899 3731 1039 3807 retinuit,
1061 3732 1152 3791 auxit
1172 3730 1276 3804 etiam,

1294 3539 1323 3584 30
