3106 4378
565 297 677 348 nmun
699 259 748 348 vi.
801 296 908 354 urso.
1179 283 1243 350 119

235 469 520 532 diversissimorum
531 475 707 548 temporum
716 475 799 544 sunt,
811 469 878 546 cogi
888 469 922 528 in
930 489 1028 530 unum
1039 489 1165 544 annum,
1178 469 1244 546 qui·

235 576 366 636 busdam
381 576 476 636 etiam
491 575 622 650 iteratis,
638 575 741 650 iussit,
757 581 788 635 et
799 575 966 654 Olympiae
980 594 1104 652 quoque
1118 583 1243 653 praeter

235 681 493 741 consuetudinem
517 680 670 740 musicum
691 699 793 765 agona
820 680 986 740 commisit.
1029 681 1076 740 Ae
1100 700 1140 740 ne
1165 681 1243 756 quid

234 786 317 846 cirea
331 786 407 846 haec
424 792 611 864 occupatum
630 792 776 845 avocaret
793 785 997 861 detineretve,
1013 805 1083 844 cum
1101 805 1243 864 praesen-

234 891 281 951 tia
301 891 368 952 eius
389 890 513 951 urbicas
534 910 583 950 res
605 909 695 967 egere
716 909 735 950 a
756 890 869 950 liberto
895 891 991 950 Helio
1012 891 1273 966 admoneretur,5

234 996 396 1074 rescripsit
410 995 461 1056 his
475 996 596 1057 verbis:
894 1063 896 1068 .

278 1102 422 1177 Quamvis
443 1121 524 1161 nunc
542 1111 628 1161 tuam
647 1105 805 1161 consilium
828 1106 867 1160 sit
887 1111 914 1160 et
932 1111 1033 1161 notura
1052 1105 1184 1162 celeriter
1200 1122 1243 1162 re-

233 1211 309 1268 verti
322 1227 378 1282 me,
398 1217 498 1266 terrea
515 1211 642 1267 scudem
665 1216 692 1265 et
715 1215 817 1282 optare
834 1211 938 1282 potius
960 1211 1104 1281 debeant
1121 1210 1242 1266 Nerone

234 1316 343 1390 dipnus
357 1321 496 1372 revertor.

274 1418 429 1478 Cantante
443 1435 488 1491 eo,
500 1437 540 1476 ne
554 1417 733 1477 necessaria
744 1417 872 1494 quidem
887 1435 980 1477 causa
995 1417 1143 1476 excedere
1158 1417 1242 1476 thea
1259 1429 1288 1474 ro

234 1530 283 1582 tro
296 1522 420 1582 licitum
435 1527 492 1582 est.
535 1522 648 1599 Itaque
664 1527 696 1581 et
711 1523 821 1582 enixae
837 1522 989 1598 quaedam
1005 1522 1038 1581 in
1055 1523 1241 1600 spectaculis

234 1628 391 1703 dicuntur,
414 1626 560 1687 etmulti
584 1627 690 1686 taedio
711 1621 861 1686 audiendi
883 1627 1103 1704 laudandique,
1125 1627 1241 1688 clausis

234 1733 419 1811 oppidorum
448 1731 558 1810 portis,
587 1738 642 1792 aut
670 1731 782 1791 furtim
812 1731 978 1792 desiluisse
1007 1733 1046 1792 de
1070 1752 1159 1792 muro
1187 1740 1242 1793 aut

234 1844 334 1898 morte
349 1837 498 1898 simulata
511 1837 621 1897 funere
638 1837 723 1898 elati.
767 1837 867 1907 Quam
882 1844 986 1897 autem
1002 1839 1123 1916 trepide
1139 1839 1243 1898 anxie·

234 1962 294 2020 que
319 1943 495 2018 certaverit,
518 1949 637 2020 quanta
661 1943 911 2003 adversariorum
936 1942 1154 2018 aemulatione,
1180 1963 1242 2021 quo
1260 1957 1287 2002 15

235 2054 321 2110 metu
335 2048 485 2123 iudicum,
495 2049 549 2107 vix
563 2049 648 2107 credi
664 2055 776 2126 potest.
817 2049 1033 2122 Adversarios,
1044 2049 1134 2125 quasi
1149 2049 1242 2126 plane

235 2149 425 2213 condicionis
440 2152 590 2228 eiusdem,
603 2153 778 2228 observare,
794 2159 928 2231 captare,
945 2153 1098 2212 infamare
1114 2159 1240 2229 secreto,

234 2280 469 2337 nonnumquam
491 2279 528 2318 ex
550 2279 679 2319 occursu
702 2258 878 2318 maledictis
900 2261 1063 2332 incessere,
1080 2276 1115 2318 ac
1137 2259 1241 2337 siqui

234 2372 300 2425 arte
325 2365 558 2443 praecellerent,
585 2375 781 2440 corrumpere
805 2363 902 2421 etiarn
931 2361 1059 2422 solebat.
1116 2363 1241 2422 Iudices

234 2473 340 2528 autem
354 2466 441 2545 prius
457 2485 552 2543 quam
571 2465 723 2543 inciperet
737 2462 990 2523 reverentissime
1006 2462 1241 2539 adloquebatur,
1258 2477 1288 2522 ao

235 2577 337 2633 omnia
359 2591 390 2630 ee
406 2574 553 2647 facienda
568 2573 686 2646 fecisse,
702 2573 754 2628 sed
779 2571 966 2628 evertentia
987 2588 1082 2627 manu
1095 2587 1156 2626 esse
1170 2570 1243 2627 For-

235 2687 344 2752 lanoe;
366 2679 434 2736 illos
452 2685 485 2735 et
507 2679 651 2752 sapientis
673 2683 701 2734 et
715 2679 814 2734 doctos
834 2677 915 2733 ciros
932 2677 1062 2750 fortuita
1080 2675 1182 2732 debere
1198 2692 1244 2732 ecc

235 2787 371 2858 cludere·
399 2789 503 2860 atque,
525 2788 562 2841 ut
583 2782 713 2841 auderet
737 2779 947 2854 hortantibus,
971 2777 1116 2854 aequiore
1138 2779 1243 2838 animo

190 2961 198 2967 .
235 2889 407 2965 recedebat,
428 2908 465 2949 ac
482 2908 523 2949 ne
542 2889 732 2966 sicquidem
754 2887 822 2946 sine
843 2883 1067 2958 sollicitudine,
1082 2883 1244 2943 taciturni-

234 3001 333 3056 tatem
355 2996 569 3074 pudoremque
590 2994 788 3072 quorundam
811 3010 868 3069 pro
890 2988 1024 3049 tristitia
1048 2993 1080 3047 et
1101 2987 1243 3066 maligni·
1259 3005 1289 3050 25
1343 2993 1346 3000 ’

183 3104 222 3155 24
235 3106 301 3162 tate
316 3120 449 3177 arguens
468 3107 692 3180 suspectosque
714 3099 773 3159 sibi
794 3097 910 3156 dicens.
934 3096 948 3128 ‘
954 3094 994 3153 In
1008 3094 1155 3153 certando
1169 3113 1243 3153 vero

235 3208 281 3269 ita
302 3208 365 3286 legi
388 3208 580 3283 oboediebat,
602 3214 639 3267 ut
661 3225 831 3283 numquam
854 3220 1015 3264 exscreare
1041 3243 1087 3289 m,
1098 3243 1238 3291 mim,

235 3333 339 3390 ausus,
352 3315 497 3376 sudorem
512 3332 636 3391 quoque
647 3313 762 3372 frontis
775 3309 902 3370 brachio
917 3309 1016 3368 deter·
1040 3316 1204 3365 tormentata

237 3427 339 3498 geret3
362 3427 456 3498 atque
475 3421 571 3480 etiarn
589 3419 623 3478 in
640 3417 760 3495 tragico
775 3417 911 3494 quodam
933 3420 1014 3489 actu,
1029 3393 1095 3442 ‘¹¹¹⁰

236 3545 306 3587 curn
326 3527 468 3604 elapsum
488 3525 633 3586 baculum
652 3523 715 3582 cito
734 3520 964 3598 resumpsisset,
980 3518 1114 3597 pavidus
1134 3520 1167 3574 et
1185 3533 1245 3574 me·
1261 3527 1290 3572 30

236 3639 328 3692 tuens
347 3651 387 3690 ne
402 3631 441 3690 ob
452 3631 601 3690 delictum
618 3627 787 3688 certamine
802 3631 1059 3698 summoveretur,
1076 3641 1137 3682 non
1153 3620 1245 3680 aliter

237 3735 439 3797 confirmatus
461 3741 509 3796 est
528 3753 621 3812 quarn
641 3731 806 3793 adiurante
828 3729 1004 3810 hypocrita,
1023 3747 1086 3787 non
1107 3727 1246 3788 animad-
