3078 4380
280 281 323 343 46
359 291 389 342 a.
413 289 570 342 sunroru
593 292 823 354 rnxuoumnr
845 294 895 342 nn
917 294 1006 344 vrrs
1029 294 1232 346 causamur

279 469 465 541 temporum.
506 464 591 522 Nam
612 464 667 540 qui
689 484 738 525 res
753 465 891 542 Augusti
905 467 1072 526 memoriae
1087 468 1286 544 mandarunt,

281 569 503 629 Germanicum
517 573 627 628 exacto
641 569 806 630 consulatu
820 571 853 630 in
869 571 1007 632 Galliam
1018 572 1149 632 missum
1161 590 1287 633 consen·

279 673 372 748 tiunt,
394 673 457 732 iam
480 679 555 733 nato
580 673 668 734 Gaio.
711 675 779 734 Nec
804 675 892 735 Plini
918 677 1096 754 opinionem
1121 677 1287 756 inscriptio

279 797 350 838 arae
365 779 533 856 quiequam
547 779 712 855 adiuverit,
722 799 793 840 cum
805 781 984 859 Agrippina
998 782 1046 842 bis
1062 782 1095 841 in
1110 801 1146 842 ea
1160 783 1285 858 regione

247 883 361 944 ofilias
382 883 476 943 enixa
497 884 548 959 sit,
566 889 599 944 et
620 884 858 964 qualiscumque
880 892 991 964 partus
1014 887 1081 946 sinc
1103 887 1170 947 ullo
1192 907 1286 948 sexus

278 988 459 1050 discrimine
473 989 673 1066 puerperium
687 997 825 1066 vocetur,
841 993 926 1069 quod
946 992 1069 1069 antiqui
1090 984 1183 1053 etiam
1201 993 1286 1072 puel-

278 1094 326 1154 las
340 1113 461 1172 pueras,
477 1093 559 1154 siout
577 1099 608 1154 et
628 1112 740 1171 pueros
754 1092 876 1171 puellos
892 1094 1081 1154 dictitarent.
1124 1097 1239 1156 Exstat
1253 1103 1286 1156 et

278 1199 416 1276 Augusti
440 1198 586 1277 epistula,
612 1204 685 1258 ante
710 1218 825 1276 paucos
851 1219 946 1276 quam
970 1200 1072 1260 obiret
1096 1219 1219 1260 menses
1244 1202 1284 1261 ad

188 1319 192 1328 ·
277 1305 487 1383 Agrippinam
503 1310 627 1382 neptem
647 1305 693 1364 ita
712 1305 830 1382 scripta
844 1305 882 1364 de
902 1305 982 1365 Gaio
996 1305 1055 1364 hoc
1071 1305 1284 1384 (nequeenim

233 1420 262 1464 10
277 1410 444 1489 quisquam
459 1410 523 1470 iam
537 1409 618 1469 alius
633 1409 740 1470 infans
756 1409 882 1469 nomine
901 1411 970 1487 pari
990 1416 1066 1470 tunc
1088 1416 1249 1488 supererat
1261 1413 1282 1491 :)

277 1519 413 1586 Puerum
440 1516 554 1575 Gaiam
579 1516 651 1576 XV
664 1517 739 1574 Kal.
765 1517 833 1574 Ian.
858 1520 886 1574 si
909 1519 956 1574 olii
975 1518 1073 1574 uolent
1093 1525 1126 1574 at
1146 1519 1285 1575 ducerent

282 1623 426 1680 Talarius
449 1629 476 1679 et
495 1621 632 1695 Asillius,
654 1623 721 1679 lieri
742 1640 809 1679 cam
834 1625 874 1678 iis
896 1624 1043 1680 constitui.
1086 1623 1175 1680 Mitto
1189 1641 1285 1696 ¹prac-

277 1735 357 1786 terea
371 1746 438 1786 cam
452 1745 486 1784 ea
500 1745 536 1784 ea
554 1730 649 1785 servis
665 1729 740 1784 aceio
759 1729 916 1801 medicam,
932 1745 1019 1801 quem
1038 1730 1145 1802 scripsi
1161 1727 1285 1786 Germa

277 1836 344 1890 nico
360 1835 388 1890 ei
400 1833 484 1890 uellet
498 1839 531 1889 at
545 1835 691 1890 retineret.
735 1833 862 1904 Valcbie,
878 1850 946 1890 mea
961 1831 1143 1908 Aprrppiua,
1155 1840 1183 1890 et
1196 1834 1284 1890 dabis

233 1947 261 1994 15
277 1955 400 2012 operam
413 1944 446 1994 at
460 1939 562 1994 valcas
570 1940 733 2010 peruenias
744 1939 785 1995 ad
799 1936 1014 1995 Germanicam
1024 1945 1118 1994 taam.
1149 1936 1283 1995 Abunde

276 2060 385 2120 parere
398 2040 543 2116 arbitror,
558 2059 621 2100 non
635 2040 775 2118 potuisse
793 2041 838 2100 ibi
857 2041 943 2101 nasci
964 2040 1087 2114 Gaium,
1104 2059 1166 2117 quo
1186 2060 1284 2119 prope

175 2191 179 2200 .
276 2146 414 2206 bimulus
443 2146 565 2205 demum
595 2146 766 2222 perductus
791 2146 830 2206 ab
854 2146 930 2206 urbe
956 2146 1005 2206 sit.
1048 2145 1283 2205 Versiculorum

276 2270 401 2330 quoque
414 2249 510 2310 fidem
524 2250 634 2309 eadem
653 2251 729 2309 haec
751 2250 877 2310 elevant
898 2256 930 2310 et
950 2270 987 2310 eo
1007 2250 1143 2326 facilius,
1160 2251 1243 2327 quod
1259 2251 1284 2310 ii

276 2357 343 2417 sine
358 2361 484 2416 auctore
499 2360 582 2416 sunt.
627 2355 793 2431 Sequenda
813 2360 863 2415 est
884 2355 990 2432 igitur,
1005 2375 1086 2432 quae
1103 2354 1170 2416 sola
1183 2361 1284 2416 restat

230 2479 260 2523 no
275 2461 394 2540 publici
409 2461 613 2520 instrumenti
628 2460 808 2536 auctoritas,
820 2461 1005 2538 praesertim
1020 2480 1090 2520 cum
1106 2461 1206 2521 Gaius
1220 2461 1283 2520 An-

274 2568 364 2641 tium,
377 2566 521 2626 omnibus
544 2585 666 2644 semper
688 2565 766 2626 locis
789 2571 883 2644 atque
903 2566 1076 2627 secessibus
1097 2566 1282 2643 praelatum,

275 2692 338 2732 non
351 2672 444 2732 aliter
459 2691 552 2748 quam
567 2671 672 2731 natale
688 2671 788 2732 solum
804 2671 952 2730 dilexerit
965 2672 1171 2747 tradaturque
1186 2671 1282 2745 etiarn

275 2778 381 2838 sedem
403 2796 438 2837 ao
458 2776 652 2836 domicilium
673 2775 799 2854 imperii
820 2776 925 2836 taedio
946 2777 1032 2836 urbis
1053 2776 1225 2836 transferre
1246 2795 1284 2836 eo

275 2883 458 2943 destinasse.

229 3001 259 3047 25
316 2988 477 3065 Caligulae
491 3007 663 3066 cognomen
678 2988 832 3048 castrensi
847 2989 914 3048 ioco
928 2987 1035 3063 traxit,
1052 2988 1127 3064 quia
1143 2987 1315 3064 manipus

274 3093 354 3153 lario
367 3093 478 3153 habitu
492 3094 576 3153 iuter
593 3093 710 3153 milites
731 3094 929 3154 educabatur.
973 3093 1068 3170 Apud
1089 3112 1167 3171 quos
1189 3111 1284 3169 quan·
1348 3151 1351 3156 .

501 3206 569 3258 tum
604 3204 766 3276 practerea
802 3217 859 3276 per
897 3198 978 3257 bano
1018 3198 1283 3257 nutrimentorum

501 3304 758 3364 consuetudinem
793 3323 897 3363 amore
936 3309 968 3362 et
1000 3302 1103 3378 gratia
1137 3302 1281 3377 valuerit,

502 3408 637 3468 maxime
662 3409 822 3485 cognitum
845 3415 893 3468 est
921 3427 991 3468 oum
1020 3413 1093 3485 post
1120 3425 1282 3468 excessum

230 3527 260 3574 3ο
275 3514 414 3591 Augusti
436 3513 661 3575 tumultuantis
686 3521 718 3574 et
742 3515 776 3573 in
800 3514 938 3573 furorem
966 3531 1066 3590 usque
1094 3512 1282 3590 praecipites

277 3619 362 3680 solus
386 3619 471 3678 haud
499 3619 592 3679 dubie
617 3625 649 3678 et
678 3625 845 3697 conspeetu
874 3638 930 3678 suo
957 3618 1054 3678 flexit.
1096 3619 1170 3676 Non
1198 3617 1282 3676 enim

275 3724 363 3803 prius
380 3724 579 3799 destiterunt,
595 3743 690 3802 quam
705 3723 842 3800 ablegari
864 3743 936 3783 eum
957 3724 997 3783 ob
1018 3721 1183 3783 seditionis
1204 3722 1284 3800 peri-

275 3279 354 3327 caius
364 3281 409 3326 tue
420 3281 465 3338 pet

275 3353 301 3401 af
313 3355 359 3400 the
370 3353 475 3400 soldiers
