3106 4378
298 265 340 328 86
375 276 404 327 c.
429 274 584 326 sonronr
607 273 836 337 rannccmm
858 276 907 326 nn
931 277 1023 328 vrrA
1046 277 1250 330 cansarum

297 447 417 509 sionem
439 447 592 525 compulit
611 447 732 507 indicto
757 448 959 509 matrimonio
983 449 1116 511 iuvenis.
1158 450 1304 511 Absenti-

296 554 355 615 bus
376 553 547 614 secundum
565 557 747 630 praesentes
769 551 921 612 facillime
943 554 1046 629 dabat,
1061 554 1149 614 nullo
1170 556 1303 632 delectu,

297 659 430 736 culpane
455 657 526 735 quis
551 677 592 718 an
620 657 729 734 aliqua
755 657 942 718 necessitate
971 665 1130 720 cessasset.
1181 661 1305 722 Procla-

297 770 403 824 mante
424 764 568 842 quodam,
590 763 814 841 praecidendas
835 763 966 824 falsario
988 784 1108 840 manus,
1126 766 1303 827 carnificem

265 885 280 930 t
297 869 406 930 statim
421 868 516 929 acciri
530 888 602 928 cum
616 867 781 928 machaera
794 888 964 946 mensaque
979 868 1118 930 lanionia
1135 871 1301 947 flagitavit.

296 974 537 1050 Peregrinitatis
565 981 663 1048 reum,
688 979 757 1033 orta
784 974 866 1033 inter
895 975 1062 1035 advocatos
1090 975 1153 1035 levi
1180 983 1304 1037 conten-

296 1080 390 1155 tione,
408 1084 590 1155 togatumne
615 1098 655 1139 an
677 1078 841 1156 palliatum
865 1078 969 1139 dicere
989 1098 1115 1141 oausam
1137 1087 1302 1159 oporteret,

292 1185 387 1262 *quasi
414 1184 605 1263 aequitatem
634 1184 788 1260 integram
814 1190 987 1260 ostentans,
1010 1191 1131 1246 mutare
1158 1187 1303 1247 habitum

296 1289 420 1367 saepius
438 1295 470 1348 et
491 1295 584 1366 prout
605 1295 802 1348 accusaretur
824 1290 1094 1366 defendereturve,
1109 1291 1211 1351 iussit.
1254 1293 1302 1352 De

251 1408 280 1454 10
295 1395 431 1472 quodam
456 1395 552 1454 etiam
578 1395 703 1469 negotio
727 1395 774 1454 ita
798 1413 836 1453 ex
858 1394 977 1456 tabella
999 1396 1220 1471 pronuntiasse
1241 1416 1303 1457 cre-

295 1500 390 1574 ditur,
419 1502 581 1558 sooondcm
609 1518 658 1558 eos
685 1518 715 1557 se
743 1503 861 1573 sentire,
891 1504 944 1574 qcr'
970 1519 1043 1560 vera
1065 1507 1300 1576 proposuissent.

294 1605 429 1681 Propter
453 1623 533 1682 quae
557 1622 655 1681 usque
680 1622 718 1663 eo
742 1603 862 1677 eviluit,
884 1610 921 1663 ut
943 1605 1061 1682 passim
1083 1625 1118 1666 ao
1139 1606 1300 1684 propalam

294 1710 488 1788 contemptui
503 1715 594 1769 esset.
636 1709 801 1768 Excusans
819 1709 948 1786 quidam
965 1715 1080 1769 testem
1101 1729 1118 1769 e
1140 1711 1302 1788 provincia

294 1815 334 1879 ab
358 1833 394 1874 eo
414 1820 560 1874 vocatum
585 1814 713 1889 negavit
735 1820 861 1891 praesto
885 1832 953 1874 esse
977 1833 1078 1892 posse,
1101 1816 1301 1877 dissimulata

250 1935 278 1981 15
294 1920 349 1979 diu
371 1937 480 1994 causa;
509 1937 545 1978 ac
566 1924 638 1996 post
659 1917 768 1995 longas
790 1919 916 1978 demum
937 1919 1196 1995 interrogationes
1218 1923 1300 1981 Mor-

294 2034 364 2084 tuus
384 2033 434 2098 est,
453 2023 574 2100 inquit:
595 2032 680 2098 pulc,
703 2026 794 2082 licuit.
822 2023 931 2084 ¹Alius
952 2025 1070 2100 gratias
1092 2044 1196 2101 agens,
1215 2028 1300 2103 quod

294 2148 382 2189 reum
409 2129 538 2192 defendi
567 2134 737 2206 pateretur,
767 2129 898 2188 adiecit:
928 2131 971 2189 Et
998 2139 1098 2190 tameo
1118 2135 1192 2208 fleri
1218 2135 1296 2192 solet.

294 2234 381 2294 Illud
396 2253 520 2312 quoque
535 2253 554 2294 a
567 2234 738 2293 maioribus
753 2239 831 2293 natu
844 2234 1018 2309 audiebam,
1034 2236 1112 2296 adeo
1126 2237 1298 2298 causidicos

293 2340 449 2418 patientia
469 2338 536 2400 eiu's
558 2337 667 2399 solitos
688 2339 784 2414 abuti,
800 2344 836 2398 ut
855 2339 1095 2399 descendentem
1113 2360 1130 2400 e
1147 2341 1298 2402 tribunali

248 2460 278 2506 ao
293 2465 355 2505 non
374 2445 474 2506 solum
491 2463 565 2505 voce
583 2449 773 2520 revocarent,
789 2446 844 2504 sed
866 2451 898 2504 et
919 2444 1035 2505 lacinia
1055 2452 1146 2522 togae
1167 2452 1298 2522 retenta,

294 2551 451 2611 interdum
473 2551 553 2629 pede
575 2550 770 2628 apprehenso
792 2550 977 2610 detinerent.
1020 2549 1068 2610 Ac
1089 2570 1128 2611 ne
1149 2552 1200 2611 cui
1222 2551 1298 2612 haec

293 2656 374 2716 mira
388 2657 461 2732 sint,
477 2656 631 2732 litigatori
646 2657 800 2718 Graeculo
814 2677 875 2716 vox
889 2657 923 2716 in
941 2657 1143 2717 altercatione
1160 2656 1296 2740 excidit:

294 2765 351 2822 Καὶ
373 2765 410 2822 σὺ
433 2764 522 2842 γέρων
546 2763 571 2823 εἶ
593 2764 637 2824 καὶ
657 2765 758 2842 μωρός.
800 2763 949 2840 Equitem
971 2763 1098 2840 quidem
1120 2764 1297 2822 Romanum

294 2869 496 2930 obscenitatis
510 2870 543 2929 in
560 2870 695 2930 feminas
716 2889 813 2945 reum,
829 2870 884 2930 sed
906 2869 987 2930 falso
1009 2874 1040 2929 et
1061 2870 1101 2929 ab
1121 2868 1298 2947 impotenti·

249 2991 278 3036 25
293 2975 352 3034 bus
373 2974 511 3036 inimicis
532 2976 666 3036 conficto
687 2975 827 3050 crimine,
850 2976 928 3036 satis
949 2980 1081 3049 constat,
1103 2993 1173 3034 cum
1196 2980 1298 3034 scorta

294 3081 453 3142 meritoria
482 3083 573 3144 citari
604 3083 754 3143 adversus
783 3102 816 3143 se
844 3088 876 3142 et
904 3081 1006 3142 audiri
1034 3100 1090 3160 pro
1117 3079 1298 3141 testimonio

293 3186 423 3262 videret,
442 3189 607 3266 graphium
627 3194 659 3248 et
680 3187 812 3261 libellos,
829 3206 907 3265 quos
929 3188 1055 3247 tenebat
1075 3187 1109 3246 iu
1130 3205 1234 3260 manu,
1252 3184 1299 3245 ita

294 3310 365 3351 cum
387 3312 499 3368 magna
520 3293 676 3354 stultitiae
698 3299 729 3352 et
750 3293 900 3353 saevitiae
924 3291 1163 3370 exprobratione
1187 3291 1298 3351 iecisse

294 3396 456 3457 infaciem
471 3398 546 3473 eius,
561 3404 598 3458 ut
613 3417 724 3476 genam
739 3418 801 3457 non
816 3398 929 3458 leviter
943 3397 1172 3477 perstrinxerit.

248 3511 278 3558 ³0
335 3502 443 3563 Gessit
471 3508 503 3562 et
531 3522 702 3577 censuram,
728 3503 939 3563 intermissam
966 3503 1021 3562 diu
1049 3508 1121 3580 post
1145 3503 1297 3574 Plancum
1312 3508 1350 3562 16

293 3607 490 3685 Paulumque
518 3626 680 3684 censores;
713 3610 769 3669 sed
796 3607 876 3668 hanc
905 3626 1029 3685 quoque
1057 3599 1298 3684 inaequabiliter

293 3713 443 3791 varioque
468 3718 500 3774 et
528 3713 632 3774 animo
661 3720 693 3773 et
720 3719 844 3773 eventu.
901 3711 1129 3789 Recognitione
1156 3712 1298 3789 equitum
