3106 4378
301 271 342 337 74
377 284 408 336 c.
432 283 589 336 susrom
612 283 841 346 rasuoumm
864 284 914 334 nn
936 285 1026 335 vrrs
1051 285 1253 336 cansarum

299 476 385 532 num,
400 455 532 516 alterum
548 475 566 515 e
580 455 761 531 coniuratis
774 455 935 516 tribunum
949 475 989 515 ex
1004 457 1136 517 adverso
1146 457 1308 519 traiecisse

299 567 423 640 pectus;
446 560 502 620 alii
524 560 684 634 Sabinum,
700 568 857 620 summota
872 579 929 638 per
948 561 1089 621 conscios
1109 563 1307 624 centuriones

298 667 400 741 turba,
416 665 541 741 signum
555 683 641 724 more
655 664 790 725 militiae
804 665 931 742 petisse,
948 672 979 726 et
994 666 1075 726 Gaio
1089 667 1197 726 Iovem
1213 668 1307 728 dante

300 771 468 833 Chaeream
505 769 714 830 exclamasse:
757 771 868 846 Accipe
902 773 1024 830 rmum!
1063 772 1307 851 respicientique

300 875 460 936 maxillam
481 875 547 935 ictu
562 874 737 936 discidisse.
781 876 941 936 Iacentem
962 877 1194 954 contractisque
1215 897 1330 943 mem-c

299 981 364 1041 bris
386 980 600 1040 clamitantem
615 984 757 1040 scrivere
775 981 871 1041 ceteri
890 981 1073 1042 vulneribus
1093 983 1225 1058 triginta
1240 1002 1307 1043 con·

299 1087 459 1161 fecerunt3
489 1105 561 1146 nam
587 1085 712 1162 signum
736 1092 804 1146 erat
827 1087 984 1147 omnium:
1015 1089 1146 1163 Repete!
1173 1088 1306 1159 Quidam

300 1191 395 1251 etiam
417 1210 473 1268 per
493 1191 627 1252 obscena
640 1191 758 1250 ferrum
783 1192 963 1268 adegerunt.
1020 1192 1072 1252 Ad
1096 1194 1233 1271 primum
1260 1200 1307 1253 tu-

299 1296 432 1356 multum
462 1295 615 1355 lecticarii
640 1315 710 1356 cum
739 1295 896 1356 asseribus
921 1296 955 1356 in
984 1297 1138 1357 auxilium
1167 1317 1307 1358 accucur-

299 1409 416 1476 remmt,
445 1420 517 1460 mox
546 1400 696 1462 Germani
724 1401 862 1478 corporis
878 1403 1046 1478 custodes,
1074 1422 1112 1463 ac
1139 1405 1306 1465 nonnullos
1324 1421 1352 1465 10

299 1525 339 1566 ex
366 1506 611 1584 percussoribus
647 1506 800 1582 quosdam
835 1507 931 1567 etiam
966 1513 1126 1568 senatores
1161 1509 1306 1570 innoxios

300 1612 533 1671 interemerunt.

247 1721 286 1773 59
340 1717 430 1777 Vixit
445 1715 535 1780 annis
550 1716 667 1794 viginti
680 1735 804 1792 novem,
819 1716 988 1795 imperavit
1002 1717 1139 1779 triennio
1153 1726 1185 1779 et
1200 1722 1306 1781 decem

300 1821 459 1882 mensibus
480 1821 653 1899 diebusque
675 1827 753 1881 octo.
797 1822 937 1883 Cadaver
959 1823 1026 1883 eius
1047 1824 1129 1883 clam
1149 1825 1183 1883 in
1200 1825 1307 1886 hortos

300 1925 469 1986 Lamianos
491 1931 696 2004 asportatum,
720 1933 752 1987 et
774 1927 982 1987 tumultuario
1007 1947 1081 2004 rogo
1160 1997 1165 2008 ⁸
1324 1947 1352 1992 15

301 2031 559 2092 semiambustum
586 2031 651 2090 levi
678 2032 816 2109 caespite
844 2033 990 2093 obrutum
1022 2039 1080 2108 cst,
1106 1997 1193 2045 sunni

300 2141 410 2214 postea
424 2155 478 2214 per
490 2155 610 2197 sorores
624 2136 665 2196 ab
679 2136 775 2196 exilio
792 2155 932 2196 reversas
952 2144 1076 2197 erutum
1091 2143 1123 2198 et
1136 2144 1307 2198 crematum

301 2241 528 2319 sepultumque.
566 2241 650 2302 Satis
661 2247 794 2316 constat,
805 2241 988 2320 priusquam
1001 2243 1034 2302 id
1045 2242 1135 2302 fieret
1144 2243 1307 2303 hortorum

299 2347 446 2406 custodes
466 2347 586 2406 umbris
609 2346 818 2424 inquietatos;
842 2346 875 2406 in
890 2365 927 2407 ea
941 2366 1065 2425 quoque
1080 2348 1181 2422 domo,
1197 2347 1229 2406 in
1245 2367 1308 2426 qua

300 2451 488 2526 occubuerit,
500 2451 621 2512 nullam
636 2459 758 2513 noctem
771 2453 839 2514 sine
854 2452 960 2530 aliquo
974 2458 1092 2513 terrore
1106 2458 1305 2528 transactam,
1323 2469 1352 2514 20

301 2558 399 2618 donec
417 2556 488 2635 ipsa
508 2558 618 2618 domus
639 2558 784 2618 incendio
803 2563 989 2636 consumpta
1004 2558 1052 2618 sit.
1096 2559 1185 2618 Perit
1199 2578 1262 2618 una
1275 2565 1307 2618 et

299 2682 378 2723 uxor
389 2662 543 2723 Caesonia
556 2663 662 2739 gladio
675 2682 694 2723 a
709 2665 891 2724 centurione
902 2664 1057 2740 confossa,
1070 2669 1102 2723 et
1115 2663 1183 2723 filia
1193 2663 1305 2741 parieti

300 2768 402 2828 inlisa

248 2875 287 2927 60
340 2873 562 2934 Condicionem
583 2880 759 2953 temporum
780 2873 907 2935 illorum
926 2874 1022 2933 etiam
1044 2892 1099 2951 per
1120 2873 1196 2933 haec
1217 2873 1308 2934 aesti-

300 2997 386 3038 mare
409 2979 515 3055 quivis
540 2980 649 3057 possit.
699 2981 782 3039 Nam
808 2998 908 3056 neque
930 2980 1023 3039 caede
1045 2978 1175 3054 vulgata
1198 2979 1307 3038 statim
1323 2992 1351 3036 cs

300 3083 454 3143 creditum
469 3090 527 3160 est,
542 3085 666 3163 fuitque
682 3085 828 3163 suspicio,
843 3085 883 3144 ab
897 3083 966 3162 ipso
980 3082 1060 3144 Gaio
1071 3084 1189 3142 famam
1203 3084 1307 3144 caedis

301 3189 484 3251 simulatam
512 3196 544 3250 et
571 3191 726 3266 emissam,
752 3196 845 3250 uteo
869 3196 962 3268 pacto
985 3189 1081 3249 homi-

300 3315 376 3356 num
401 3315 475 3372 erga
499 3317 532 3358 se
554 3303 673 3358 mentes
695 3296 957 3375 deprehenderet3
979 3314 1081 3372 neque
1107 3290 1297 3358 ⁰⁶⁸³1²⁰f⁸t¹t

301 3402 456 3462 coniurati
478 3402 623 3479 cuiquam
642 3403 808 3480 imperium
825 3399 1085 3475 destinaveruntq
1106 3367 1294 3499 ffgffiirceml

257 3525 275 3550 ·-
301 3513 334 3568 et
353 3512 480 3568 senatus
504 3507 538 3566 in
559 3509 728 3569 asserenda
749 3507 897 3568 libertate
919 3506 996 3567 adeo
1013 3524 1082 3566 con·
1149 3516 1164 3570 ,ζ
1188 3568 1190 3571 ,
1276 3515 1300 3540 ”
1324 3524 1354 3569 ec

302 3613 410 3688 sensit,
438 3618 476 3673 ut
502 3613 645 3676 consules
674 3614 777 3690 primo
804 3631 867 3672 non
897 3610 930 3669 in
959 3610 1089 3685 curiam,
1120 3610 1194 3687 quia
1217 3609 1309 3674 ,Iulia

302 3718 478 3793 vocabatur,
501 3718 556 3778 sed
577 3717 611 3777 in
632 3717 824 3796 Capitolium
850 3715 1059 3790 convocarint,
1085 3714 1214 3792 quidam
1236 3733 1309 3777 vero
